ts,price,size,side,trade_id
'2025-05-21 19:35:28.627,107540,0.00080242,sell,740864247
'2025-05-21 19:35:28.627,107539.8,0.00040636,sell,740864248
'2025-05-21 19:35:28.627,107538.6,0.00001,sell,740864249
'2025-05-21 19:35:29.094,107537.1,0.00093,buy,740864250
'2025-05-21 19:35:30.107,107537.1,0.3336,buy,740864257
'2025-05-21 19:35:30.108,107537.1,0.07154927,buy,740864258
'2025-05-21 19:35:30.110,107537.1,0.13682954,buy,740864259
'2025-05-21 19:35:30.110,107537.1,0.0617,buy,740864260
'2025-05-21 19:35:30.110,107537.1,0.02622968,buy,740864261
'2025-05-21 19:35:30.111,107537.1,0.0315,buy,740864262
'2025-05-21 19:35:30.111,107537.1,0.0237,buy,740864263
'2025-05-21 19:35:30.112,107537.1,0.0617,buy,740864264
'2025-05-21 19:35:30.113,107537.1,0.001,buy,740864265
'2025-05-21 19:35:30.127,107537.1,0.00054649,buy,740864267
'2025-05-21 19:35:30.172,107539.6,0.00104,sell,740864269
'2025-05-21 19:35:30.197,107539.7,0.00053234,buy,740864271
'2025-05-21 19:35:30.197,107540,0.00001,buy,740864272
'2025-05-21 19:35:30.247,107544,0.00040017,buy,740864273
'2025-05-21 19:35:30.647,107545.2,0.00168928,buy,740864275
'2025-05-21 19:35:30.765,107545.8,0.07611839,buy,740864276
'2025-05-21 19:35:30.765,107545.8,0.15258698,buy,740864277
'2025-05-21 19:35:30.777,107550,0.00080242,buy,740864280
'2025-05-21 19:35:30.787,107558.1,0.0009,buy,740864281
'2025-05-21 19:35:30.787,107558.9,0.00001501,buy,740864282
'2025-05-21 19:35:30.957,107560,0.00100586,buy,740864286
'2025-05-21 19:35:30.997,107569.6,0.00001501,buy,740864287
'2025-05-21 19:35:30.997,107570,0.00080242,buy,740864290
'2025-05-21 19:35:31.152,107570.6,0.00841772,buy,740864291
'2025-05-21 19:35:31.219,107570.5,0.00187066,sell,740864292
'2025-05-21 19:35:31.305,107570.6,0.26410811,buy,740864301
'2025-05-21 19:35:31.437,107572,0.00026048,buy,740864303
'2025-05-21 19:35:31.477,107573.8,0.00001136,buy,740864304
'2025-05-21 19:35:31.477,107573.9,0.00001136,buy,740864305
'2025-05-21 19:35:31.613,107579.7,0.72857372,sell,740864316
'2025-05-21 19:35:32.666,107579.7,0.00019,sell,740864317
'2025-05-21 19:35:34.848,107579.8,0.00560956,buy,740864322
'2025-05-21 19:35:34.848,107580,0.00080242,buy,740864325
'2025-05-21 19:35:34.917,107582.1,0.00336106,buy,740864327
'2025-05-21 19:35:34.917,107587.9,0.0009,buy,740864328
'2025-05-21 19:35:34.932,107587.9,0.0023909,sell,740864329
'2025-05-21 19:35:35.287,107587.9,0.00054647,sell,740864331
'2025-05-21 19:35:35.506,107587.8,0.00022647,sell,740864333
'2025-05-21 19:35:35.517,107580,0.00001,sell,740864334
'2025-05-21 19:35:35.517,107579.7,0.00095,sell,740864335
'2025-05-21 19:35:35.826,107577.1,0.0019,buy,740864337
'2025-05-21 19:35:36.318,107577,0.00001007,sell,740864338
'2025-05-21 19:35:37.267,107577.1,0.00005647,buy,740864340
'2025-05-21 19:35:37.317,107580,0.00001,buy,740864341
'2025-05-21 19:35:37.467,107580.1,0.00004647,buy,740864342
'2025-05-21 19:35:38.296,107581.4,0.00851248,buy,740864344
'2025-05-21 19:35:38.937,107587.4,0.00037188,sell,740864345
'2025-05-21 19:35:40.501,107587.4,0.68083346,sell,740864356
'2025-05-21 19:35:40.501,107586.7,0.01239667,sell,740864357
'2025-05-21 19:35:40.501,107586.6,0.02282223,sell,740864358
'2025-05-21 19:35:40.501,107586,0.0185,sell,740864359
'2025-05-21 19:35:40.501,107582.4,0.05013461,sell,740864360
'2025-05-21 19:35:40.501,107581.7,0.04671754,sell,740864361
'2025-05-21 19:35:40.501,107581.3,0.08050083,sell,740864363
'2025-05-21 19:35:40.501,107580.6,0.01054136,sell,740864364
'2025-05-21 19:35:40.501,107580,0.06171,sell,740864367
'2025-05-21 19:35:40.501,107579.9,0.07048014,sell,740864368
'2025-05-21 19:35:40.501,107579.3,0.00095,sell,740864369
'2025-05-21 19:35:40.501,107579.1,0.0432,sell,740864370
'2025-05-21 19:35:40.501,107578,0.0185,sell,740864371
'2025-05-21 19:35:40.501,107577.1,0.00515091,sell,740864373
'2025-05-21 19:35:40.501,107577,0.29427993,sell,740864376
'2025-05-21 19:35:40.501,107576.3,0.0023708,sell,740864377
'2025-05-21 19:35:40.501,107576,0.0185,sell,740864378
'2025-05-21 19:35:40.501,107575.2,0.00464482,sell,740864379
'2025-05-21 19:35:40.501,107575.1,0.18787625,sell,740864380
'2025-05-21 19:35:40.501,107574.9,0.00001501,sell,740864381
'2025-05-21 19:35:40.501,107574,0.02038,sell,740864383
'2025-05-21 19:35:40.501,107573.1,0.75187511,sell,740864384
'2025-05-21 19:35:40.501,107572,0.11146,sell,740864386
'2025-05-21 19:35:40.501,107571.9,0.0432,sell,740864387
'2025-05-21 19:35:40.501,107571.1,0.03715606,sell,740864388
'2025-05-21 19:35:40.501,107570.5,0.0432,sell,740864389
'2025-05-21 19:35:40.501,107570,0.01930242,sell,740864393
'2025-05-21 19:35:40.501,107568.6,0.00188,sell,740864394
'2025-05-21 19:35:40.501,107568,0.0185,sell,740864395
'2025-05-21 19:35:40.501,107567.9,0.05063521,sell,740864397
'2025-05-21 19:35:40.501,107567.2,0.03726254,sell,740864398
'2025-05-21 19:35:40.501,107566.2,0.2475,sell,740864399
'2025-05-21 19:35:40.501,107566,0.0185,sell,740864400
'2025-05-21 19:35:40.501,107565.9,0.0432,sell,740864401
'2025-05-21 19:35:40.501,107564.4,0.20203662,sell,740864402
'2025-05-21 19:35:40.501,107564.3,0.18787625,sell,740864403
'2025-05-21 19:35:40.501,107564.2,0.000055,sell,740864405
'2025-05-21 19:35:40.501,107563.9,0.0432,sell,740864406
'2025-05-21 19:35:40.501,107563.7,0.033,sell,740864407
'2025-05-21 19:35:40.501,107563.3,0.46702151,sell,740864408
'2025-05-21 19:35:40.501,107563.2,0.21123673,sell,740864411
'2025-05-21 19:35:40.501,107563,0.00199998,sell,740864413
'2025-05-21 19:35:40.501,107562.4,0.05911,sell,740864414
'2025-05-21 19:35:40.501,107562.3,0.75187511,sell,740864415
'2025-05-21 19:35:40.501,107562,0.00099999,sell,740864416
'2025-05-21 19:35:40.501,107561.5,0.00005,sell,740864417
'2025-05-21 19:35:40.501,107561.3,0.07595446,sell,740864418
'2025-05-21 19:35:40.501,107560.6,0.12895,sell,740864420
'2025-05-21 19:35:40.501,107560,0.00080242,sell,740864423
'2025-05-21 19:35:40.501,107559.9,0.0555989,sell,740864425
'2025-05-21 19:35:40.501,107559.4,0.03,sell,740864426
'2025-05-21 19:35:40.501,107559.3,0.00929454,sell,740864427
'2025-05-21 19:35:40.501,107558.4,0.00229624,sell,740864428
'2025-05-21 19:35:40.501,107557.8,0.00371,sell,740864429
'2025-05-21 19:35:40.501,107557.6,0.23740059,sell,740864431
'2025-05-21 19:35:40.501,107557.5,0.00004,sell,740864432
'2025-05-21 19:35:40.501,107557.3,0.13615,sell,740864434
'2025-05-21 19:35:40.501,107556.5,0.033,sell,740864435
'2025-05-21 19:35:40.501,107556.3,0.09,sell,740864438
'2025-05-21 19:35:40.501,107555.2,0.13942147,sell,740864439
'2025-05-21 19:35:40.501,107554.5,0.04,sell,740864440
'2025-05-21 19:35:40.501,107554.4,0.04,sell,740864441
'2025-05-21 19:35:40.501,107553.6,0.04645647,sell,740864442
'2025-05-21 19:35:40.501,107553.5,0.000015,sell,740864443
'2025-05-21 19:35:40.501,107553.1,0.18787625,sell,740864444
'2025-05-21 19:35:40.501,107551.3,0.00419311,sell,740864445
'2025-05-21 19:35:40.501,107551.2,0.46702151,sell,740864446
'2025-05-21 19:35:40.501,107551.1,0.75187511,sell,740864447
'2025-05-21 19:35:40.501,107550.4,0.13704659,sell,740864448
'2025-05-21 19:35:40.501,107550,0.00080242,sell,740864451
'2025-05-21 19:35:40.501,107549.9,0.2907,sell,740864453
'2025-05-21 19:35:40.501,107549.2,0.13704659,sell,740864454
'2025-05-21 19:35:40.501,107549.1,0.09929841,sell,740864455
'2025-05-21 19:35:40.501,107546.9,0.05740555,sell,740864456
'2025-05-21 19:35:40.501,107546.2,0.00743634,sell,740864457
'2025-05-21 19:35:40.501,107545.7,0.18429308,sell,740864460
'2025-05-21 19:35:40.501,107545.1,0.0432,sell,740864461
'2025-05-21 19:35:40.501,107544.5,0.142732,sell,740864462
'2025-05-21 19:35:40.501,107543.9,0.0432,sell,740864463
'2025-05-21 19:35:40.501,107543,0.28,sell,740864467
'2025-05-21 19:35:40.501,107542.8,0.00001501,sell,740864468
'2025-05-21 19:35:40.501,107542.7,0.13704659,sell,740864469
'2025-05-21 19:35:40.501,107542.2,0.18787625,sell,740864470
'2025-05-21 19:35:40.501,107542,0.14,sell,740864472
'2025-05-21 19:35:40.501,107541,0.06,sell,740864474
'2025-05-21 19:35:40.501,107540.2,0.46702151,sell,740864475
'2025-05-21 19:35:40.501,107540.1,0.0721865,sell,740864476
'2025-05-21 19:35:40.507,107587.4,0.00051242,sell,740864477
'2025-05-21 19:35:40.508,107587.4,0.00028,sell,740864478
'2025-05-21 19:35:40.508,107587.4,0.00028,sell,740864479
'2025-05-21 19:35:40.508,107587.4,0.00051242,sell,740864480
'2025-05-21 19:35:40.508,107587.4,0.00028,sell,740864481
'2025-05-21 19:35:40.508,107587.4,0.00051242,sell,740864482
'2025-05-21 19:35:40.517,107587.4,0.00018,sell,740864483
'2025-05-21 19:35:42.063,107580.1,0.00073126,buy,740864484
'2025-05-21 19:35:43.638,107580.1,0.00082199,buy,740864485
'2025-05-21 19:35:44.139,107580.1,0.00023238,buy,740864486
'2025-05-21 19:35:44.417,107580.1,0.00004497,buy,740864487
'2025-05-21 19:35:44.571,107580.1,0.01,buy,740864488
'2025-05-21 19:35:44.617,107580.1,0.00004647,buy,740864489
'2025-05-21 19:35:44.797,107582,0.14064684,buy,740864491
'2025-05-21 19:35:44.807,107586.8,0.0010203,buy,740864492
'2025-05-21 19:35:47.034,107587.5,0.00597615,buy,740864497
'2025-05-21 19:35:47.303,107587.9,0.00214572,buy,740864500
'2025-05-21 19:35:47.303,107588,0.00024811,buy,740864501
'2025-05-21 19:35:47.303,107590,0.00080242,buy,740864504
'2025-05-21 19:35:47.303,107593.5,0.00315811,buy,740864505
'2025-05-21 19:35:47.307,107594.9,0.0009,buy,740864506
'2025-05-21 19:35:47.307,107595.6,0.0005,buy,740864507
'2025-05-21 19:35:50.644,107600,0.00076,buy,740864509
'2025-05-21 19:35:51.177,107600,0.00093,buy,740864513
'2025-05-21 19:35:54.387,107600,0.00036312,buy,740864514
'2025-05-21 19:35:55.259,107604,0.00219826,buy,740864515
'2025-05-21 19:35:56.592,107604,0.00093,buy,740864516
'2025-05-21 19:35:56.930,107603.9,0.00037731,sell,740864519
'2025-05-21 19:35:57.508,107604,0.00021319,buy,740864520
'2025-05-21 19:35:59.297,107603.9,0.00179836,sell,740864521
'2025-05-21 19:35:59.478,107604,0.00743466,buy,740864522
'2025-05-21 19:35:59.878,107603.9,0.01,sell,740864523
'2025-05-21 19:36:01.513,107604,0.00509615,buy,740864527
'2025-05-21 19:36:01.513,107605,0.00315736,buy,740864528
'2025-05-21 19:36:01.513,107605.7,0.00001247,buy,740864529
'2025-05-21 19:36:01.515,107607.8,0.00001247,buy,740864530
'2025-05-21 19:36:01.527,107608.9,0.0000125,buy,740864531
'2025-05-21 19:36:01.527,107609.5,0.00001,buy,740864532
'2025-05-21 19:36:01.527,107610,0.00080242,buy,740864535
'2025-05-21 19:36:01.532,107613,0.00078968,sell,740864536
'2025-05-21 19:36:01.537,107614.3,0.00001247,buy,740864537
'2025-05-21 19:36:01.737,107615.6,0.00108788,buy,740864541
'2025-05-21 19:36:01.751,107616.5,0.00315686,buy,740864542
'2025-05-21 19:36:01.770,107620,0.00080243,buy,740864546
'2025-05-21 19:36:01.770,107620,0.00080243,buy,740864547
'2025-05-21 19:36:01.934,107622,0.00093,buy,740864548
'2025-05-21 19:36:02.417,107622,0.00070806,buy,740864552
'2025-05-21 19:36:02.417,107623.7,0.00001,buy,740864553
'2025-05-21 19:36:02.627,107628,0.00433714,buy,740864556
'2025-05-21 19:36:02.714,107630,0.00098828,buy,740864561
'2025-05-21 19:36:02.715,107630,0.00001928,buy,740864562
'2025-05-21 19:36:02.715,107632,0.000969,buy,740864563
'2025-05-21 19:36:03.067,107633.9,0.02,sell,740864564
'2025-05-21 19:36:03.089,107634,0.00040879,buy,740864565
'2025-05-21 19:36:04.698,107633.9,0.001,sell,740864567
'2025-05-21 19:36:04.912,107634,0.00654655,buy,740864569
'2025-05-21 19:36:05.335,107633.9,0.00092,sell,740864570
'2025-05-21 19:36:05.571,107634,0.01621187,buy,740864578
'2025-05-21 19:36:05.577,107635,0.00010325,buy,740864579
'2025-05-21 19:36:05.577,107637.9,0.00001,buy,740864580
'2025-05-21 19:36:06.149,107638.4,0.00027703,sell,740864581
'2025-05-21 19:36:06.167,107638.5,0.00040544,buy,740864582
'2025-05-21 19:36:06.238,107639.5,0.00324635,buy,740864584
'2025-05-21 19:36:06.247,107640,0.00083418,buy,740864588
'2025-05-21 19:36:06.247,107645.1,0.00001,buy,740864589
'2025-05-21 19:36:06.267,107647.4,0.00040636,buy,740864590
'2025-05-21 19:36:06.387,107650,0.00080242,buy,740864593
'2025-05-21 19:36:07.028,107651,0.04754365,buy,740864598
'2025-05-21 19:36:07.028,107653.3,0.00006,buy,740864599
'2025-05-21 19:36:07.028,107655.7,0.00001,buy,740864600
'2025-05-21 19:36:07.028,107656,0.0185,buy,740864601
'2025-05-21 19:36:07.028,107659.1,0.0009,buy,740864602
'2025-05-21 19:36:07.028,107659.3,0.01298635,buy,740864604
'2025-05-21 19:36:07.028,107659.3,0.01602175,buy,740864605
'2025-05-21 19:36:07.028,107659.8,0.00150827,buy,740864606
'2025-05-21 19:36:07.028,107660,0.00080242,buy,740864609
'2025-05-21 19:36:07.028,107661.5,0.02166756,buy,740864610
'2025-05-21 19:36:07.028,107661.5,0.00732995,buy,740864611
'2025-05-21 19:36:07.028,107661.6,0.01856566,buy,740864612
'2025-05-21 19:36:07.028,107661.8,0.2475,buy,740864613
'2025-05-21 19:36:07.028,107662.6,0.00743142,buy,740864614
'2025-05-21 19:36:07.028,107662.8,0.00001,buy,740864615
'2025-05-21 19:36:07.028,107664.5,0.00183,buy,740864616
'2025-05-21 19:36:07.028,107666.4,0.00001,buy,740864617
'2025-05-21 19:36:07.028,107666.6,0.00015835,buy,740864618
'2025-05-21 19:36:07.028,107666.8,0.02899609,buy,740864619
'2025-05-21 19:36:07.028,107668.1,0.11145,buy,740864620
'2025-05-21 19:36:07.028,107668.3,0.00005,buy,740864621
'2025-05-21 19:36:07.028,107669.8,0.00183,buy,740864622
'2025-05-21 19:36:07.028,107669.9,0.00001,buy,740864623
'2025-05-21 19:36:07.028,107670,0.00090567,buy,740864627
'2025-05-21 19:36:07.028,107670.2,0.01475989,buy,740864628
'2025-05-21 19:36:07.029,107670.2,0.09669011,buy,740864629
'2025-05-21 19:36:07.029,107672.1,0.0300488,buy,740864631
'2025-05-21 19:36:07.029,107672.2,0.02188732,buy,740864632
'2025-05-21 19:36:07.029,107672.2,0.00811268,buy,740864633
'2025-05-21 19:36:07.029,107673.5,0.00001,buy,740864634
'2025-05-21 19:36:07.029,107673.9,0.0034487,buy,740864635
'2025-05-21 19:36:07.029,107673.9,0.04193197,buy,740864636
'2025-05-21 19:36:07.029,107674.7,0.00002,buy,740864637
'2025-05-21 19:36:07.029,107674.9,0.2475,buy,740864638
'2025-05-21 19:36:07.030,107675,0.00009817,buy,740864639
'2025-05-21 19:36:07.030,107675.2,0.00371,buy,740864640
'2025-05-21 19:36:07.030,107676.5,0.02156847,buy,740864641
'2025-05-21 19:36:07.038,107669.8,0.00001001,buy,740864642
'2025-05-21 19:36:07.041,107670,0.00001,buy,740864643
'2025-05-21 19:36:07.041,107673.8,0.01857856,buy,740864644
'2025-05-21 19:36:07.041,107674.2,0.00517989,buy,740864645
'2025-05-21 19:36:07.053,107674.1,0.00023482,sell,740864646
'2025-05-21 19:36:07.131,107674.2,0.01206376,buy,740864648
'2025-05-21 19:36:07.164,107678,0.0627,buy,740864651
'2025-05-21 19:36:07.239,107680,0.10928921,buy,740864661
'2025-05-21 19:36:08.327,107685.7,0.01835845,buy,740864670
'2025-05-21 19:36:08.337,107690,0.00080242,buy,740864673
'2025-05-21 19:36:08.337,107691.2,0.00001,buy,740864674
'2025-05-21 19:36:08.658,107691.3,0.00104568,buy,740864675
'2025-05-21 19:36:08.658,107692.8,0.00003143,buy,740864677
'2025-05-21 19:36:08.658,107693.1,0.00005199,buy,740864679
'2025-05-21 19:36:08.658,107693.2,0.00001316,buy,740864680
'2025-05-21 19:36:08.658,107693.3,0.00008734,buy,740864684
'2025-05-21 19:36:08.658,107694,0.00016233,buy,740864685
'2025-05-21 19:36:08.845,107694,0.00021882,buy,740864686
'2025-05-21 19:36:09.181,107693.9,0.000966,sell,740864687
'2025-05-21 19:36:09.367,107693.9,0.0005,sell,740864688
'2025-05-21 19:36:10.190,107693.9,0.000649,sell,740864689
'2025-05-21 19:36:11.041,107694,0.00383269,buy,740864694
'2025-05-21 19:36:11.041,107694.1,0.00011966,buy,740864695
'2025-05-21 19:36:11.045,107694.4,0.00002055,buy,740864697
'2025-05-21 19:36:11.045,107694.5,0.00002207,buy,740864699
'2025-05-21 19:36:11.045,107694.6,0.00002105,buy,740864701
'2025-05-21 19:36:11.045,107695.2,0.00005215,buy,740864705
'2025-05-21 19:36:11.045,107695.3,0.00003524,buy,740864708
'2025-05-21 19:36:11.045,107695.5,0.0001117,buy,740864709
'2025-05-21 19:36:11.045,107695.6,0.00047866,buy,740864710
'2025-05-21 19:36:11.045,107695.7,0.00019812,buy,740864714
'2025-05-21 19:36:11.045,107695.8,0.00004934,buy,740864717
'2025-05-21 19:36:11.045,107696.2,0.00001047,buy,740864718
'2025-05-21 19:36:11.045,107696.3,0.00034944,buy,740864720
'2025-05-21 19:36:11.045,107696.5,0.00003008,buy,740864721
'2025-05-21 19:36:11.141,107696.9,0.00052,buy,740864724
'2025-05-21 19:36:11.141,107696.9,0.00000178,buy,740864725
'2025-05-21 19:36:11.141,107697.2,0.00317,buy,740864727
'2025-05-21 19:36:11.141,107697.2,0.00000108,buy,740864728
'2025-05-21 19:36:11.141,107697.7,0.00109021,buy,740864731
'2025-05-21 19:36:11.141,107698,0.00025839,buy,740864736
'2025-05-21 19:36:11.141,107698.4,0.00018391,buy,740864737
'2025-05-21 19:36:11.141,107698.7,0.00002305,buy,740864738
'2025-05-21 19:36:11.141,107698.9,0.00027521,buy,740864740
'2025-05-21 19:36:11.141,107699.1,0.00001484,buy,740864741
'2025-05-21 19:36:11.141,107699.2,0.00002685,buy,740864743
'2025-05-21 19:36:11.141,107699.4,0.0000679,buy,740864745
'2025-05-21 19:36:11.142,107699.9,0.00818245,buy,740864752
'2025-05-21 19:36:11.142,107700,0.02489921,buy,740865007
'2025-05-21 19:36:11.142,107700,0.02414242,buy,740865350
'2025-05-21 19:36:11.142,107700.1,0.00007282,buy,740865351
'2025-05-21 19:36:11.142,107700.6,0.000069,buy,740865354
'2025-05-21 19:36:11.142,107700.7,0.0000189,buy,740865355
'2025-05-21 19:36:11.142,107700.8,0.00001202,buy,740865356
'2025-05-21 19:36:11.142,107700.9,0.00004651,buy,740865357
'2025-05-21 19:36:11.142,107701,0.000121,buy,740865360
'2025-05-21 19:36:11.142,107701.1,0.00001087,buy,740865361
'2025-05-21 19:36:11.142,107701.2,0.00005202,buy,740865363
'2025-05-21 19:36:11.142,107701.9,0.00148367,buy,740865368
'2025-05-21 19:36:11.149,107702.1,0.00007285,buy,740865371
'2025-05-21 19:36:11.149,107702.9,0.00002095,buy,740865372
'2025-05-21 19:36:11.149,107703.1,0.00002999,buy,740865374
'2025-05-21 19:36:11.149,107703.2,0.00006702,buy,740865375
'2025-05-21 19:36:11.149,107703.3,0.00001008,buy,740865376
'2025-05-21 19:36:11.149,107703.7,0.00017169,buy,740865377
'2025-05-21 19:36:11.149,107704.1,0.00001007,buy,740865378
'2025-05-21 19:36:11.149,107704.2,0.00001854,buy,740865379
'2025-05-21 19:36:11.149,107704.4,0.00013195,buy,740865380
'2025-05-21 19:36:11.149,107704.5,0.00072301,buy,740865388
'2025-05-21 19:36:11.149,107704.7,0.00001019,buy,740865389
'2025-05-21 19:36:11.188,107705,0.00010325,buy,740865390
'2025-05-21 19:36:11.188,107705.5,0.0000332,buy,740865391
'2025-05-21 19:36:11.188,107705.7,0.00003084,buy,740865392
'2025-05-21 19:36:11.201,107705.8,0.00060949,buy,740865394
'2025-05-21 19:36:11.201,107706.2,0.00001777,buy,740865395
'2025-05-21 19:36:11.201,107706.3,0.00203837,buy,740865396
'2025-05-21 19:36:11.201,107706.4,0.00279306,buy,740865399
'2025-05-21 19:36:11.201,107706.5,0.00291949,buy,740865400
'2025-05-21 19:36:11.201,107706.6,0.00002766,buy,740865401
'2025-05-21 19:36:11.201,107707.2,0.00010203,buy,740865405
'2025-05-21 19:36:11.201,107707.4,0.00228269,buy,740865406
'2025-05-21 19:36:11.201,107707.6,0.00002211,buy,740865407
'2025-05-21 19:36:11.204,107707.9,0.00135266,buy,740865409
'2025-05-21 19:36:11.239,107708.1,0.00476705,buy,740865410
'2025-05-21 19:36:11.239,107708.3,0.00138574,buy,740865414
'2025-05-21 19:36:11.239,107708.7,0.00315281,buy,740865415
'2025-05-21 19:36:11.239,107708.8,0.00004723,buy,740865416
'2025-05-21 19:36:11.239,107709,0.00271296,buy,740865421
'2025-05-21 19:36:11.239,107709.2,0.00005126,buy,740865425
'2025-05-21 19:36:11.239,107709.3,0.00019791,buy,740865427
'2025-05-21 19:36:11.239,107709.5,0.00001702,buy,740865428
'2025-05-21 19:36:11.239,107709.6,0.0001333,buy,740865429
'2025-05-21 19:36:11.239,107710,0.01930242,buy,740865433
'2025-05-21 19:36:11.239,107710.3,0.00007575,buy,740865434
'2025-05-21 19:36:11.239,107710.5,0.0001137,buy,740865435
'2025-05-21 19:36:11.239,107710.6,0.00015876,buy,740865436
'2025-05-21 19:36:11.239,107711,0.00025208,buy,740865438
'2025-05-21 19:36:11.239,107711.3,0.00005708,buy,740865440
'2025-05-21 19:36:11.239,107711.4,0.00004907,buy,740865442
'2025-05-21 19:36:11.239,107711.7,0.00029434,buy,740865450
'2025-05-21 19:36:11.239,107711.9,0.0020022,buy,740865456
'2025-05-21 19:36:11.239,107712,0.01851047,buy,740865458
'2025-05-21 19:36:11.239,107712.2,0.00005079,buy,740865459
'2025-05-21 19:36:11.239,107712.3,0.00003096,buy,740865461
'2025-05-21 19:36:11.239,107712.4,0.00001009,buy,740865462
'2025-05-21 19:36:11.239,107712.5,0.00004929,buy,740865463
'2025-05-21 19:36:11.243,107712.2,0.00023634,buy,740865464
'2025-05-21 19:36:11.243,107712.2,0.00023634,buy,740865465
'2025-05-21 19:36:11.246,107712.2,0.00032818,buy,740865466
'2025-05-21 19:36:11.246,107712.2,0.00032818,buy,740865467
'2025-05-21 19:36:11.626,107712.2,0.00465,buy,740865468
'2025-05-21 19:36:11.637,107712.8,0.00001448,buy,740865469
'2025-05-21 19:36:11.637,107713,0.00013158,buy,740865474
'2025-05-21 19:36:11.637,107713.3,0.00001589,buy,740865475
'2025-05-21 19:36:11.637,107713.6,0.00001509,buy,740865476
'2025-05-21 19:36:11.785,107714.1,0.0008563,sell,740865477
'2025-05-21 19:36:11.973,107714.1,0.00001136,sell,740865478
'2025-05-21 19:36:12.041,107714.2,0.00046,buy,740865480
'2025-05-21 19:36:12.045,107714.2,0.00046,buy,740865483
'2025-05-21 19:36:12.045,107714.2,0.25135617,buy,740865501
'2025-05-21 19:36:12.045,107714.3,0.0005576,buy,740865504
'2025-05-21 19:36:12.045,107714.5,0.00084489,buy,740865505
'2025-05-21 19:36:12.045,107714.6,0.00001202,buy,740865506
'2025-05-21 19:36:12.045,107714.9,0.00053192,buy,740865510
'2025-05-21 19:36:12.045,107715,0.0280392,buy,740865512
'2025-05-21 19:36:12.045,107715.1,0.00002652,buy,740865513
'2025-05-21 19:36:12.045,107715.2,0.00008228,buy,740865515
'2025-05-21 19:36:12.047,107715.3,0.00001176,buy,740865516
'2025-05-21 19:36:12.047,107715.5,0.0009537,buy,740865518
'2025-05-21 19:36:12.047,107715.6,0.0000548,buy,740865520
'2025-05-21 19:36:12.047,107716,0.01853943,buy,740865522
'2025-05-21 19:36:12.047,107716.2,0.00001055,buy,740865523
'2025-05-21 19:36:12.047,107716.3,0.00020455,buy,740865524
'2025-05-21 19:36:12.047,107716.6,0.00001036,buy,740865525
'2025-05-21 19:36:12.047,107716.7,0.00012587,buy,740865527
'2025-05-21 19:36:12.047,107716.9,0.00059829,buy,740865530
'2025-05-21 19:36:12.047,107717.3,0.00003453,buy,740865531
'2025-05-21 19:36:12.047,107717.4,0.00008307,buy,740865532
'2025-05-21 19:36:12.047,107717.6,0.00001964,buy,740865533
'2025-05-21 19:36:12.047,107718,0.01958026,buy,740865536
'2025-05-21 19:36:12.047,107718.4,0.00005214,buy,740865537
'2025-05-21 19:36:12.049,107718.7,0.00001398,buy,740865538
'2025-05-21 19:36:12.049,107718.9,0.0086,buy,740865539
'2025-05-21 19:36:12.049,107719.1,0.00020954,buy,740865540
'2025-05-21 19:36:12.049,107719.2,0.00009909,buy,740865541
'2025-05-21 19:36:12.049,107719.3,0.00004203,buy,740865542
'2025-05-21 19:36:12.049,107719.4,0.00003108,buy,740865543
'2025-05-21 19:36:12.049,107719.7,0.00001,buy,740865544
'2025-05-21 19:36:12.049,107720,0.00084337,buy,740865547
'2025-05-21 19:36:12.049,107720,0.02460356,buy,740865557
'2025-05-21 19:36:12.049,107720.1,0.00125222,buy,740865558
'2025-05-21 19:36:12.049,107720.2,0.0031523,buy,740865559
'2025-05-21 19:36:12.049,107720.3,0.00148559,buy,740865561
'2025-05-21 19:36:12.062,107720.6,0.00003574,buy,740865564
'2025-05-21 19:36:12.062,107721,0.00083,buy,740865565
'2025-05-21 19:36:12.063,107720.9,0.00119167,sell,740865566
'2025-05-21 19:36:12.067,107721.1,0.00001018,buy,740865567
'2025-05-21 19:36:12.071,107721.7,0.00185568,buy,740865569
'2025-05-21 19:36:12.077,107722.2,0.00003351,buy,740865571
'2025-05-21 19:36:12.097,107723,0.00093528,buy,740865574
'2025-05-21 19:36:12.097,107723.1,0.00002635,buy,740865575
'2025-05-21 19:36:12.218,107723.2,0.00034,buy,740865580
'2025-05-21 19:36:12.218,107723.2,0.00000723,buy,740865581
'2025-05-21 19:36:12.218,107723.3,0.00028277,buy,740865584
'2025-05-21 19:36:12.218,107723.3,0.00001588,buy,740865585
'2025-05-21 19:36:12.218,107723.4,0.00238909,buy,740865586
'2025-05-21 19:36:12.218,107724.1,0.00039533,buy,740865587
'2025-05-21 19:36:12.218,107724.2,0.00004804,buy,740865588
'2025-05-21 19:36:12.218,107724.5,0.0001132,buy,740865590
'2025-05-21 19:36:12.218,107724.9,0.00025796,buy,740865591
'2025-05-21 19:36:12.218,107725,0.00025884,buy,740865592
'2025-05-21 19:36:12.218,107725,0.00099243,buy,740865594
'2025-05-21 19:36:12.218,107725.1,0.000021,buy,740865595
'2025-05-21 19:36:12.218,107725.7,0.00002467,buy,740865596
'2025-05-21 19:36:12.219,107726.8,0.00011158,buy,740865598
'2025-05-21 19:36:12.219,107727,0.00027153,buy,740865600
'2025-05-21 19:36:12.219,107727.2,0.00711689,buy,740865615
'2025-05-21 19:36:12.267,107727.2,0.00036159,buy,740865620
'2025-05-21 19:36:12.303,107727.4,0.000027,buy,740865622
'2025-05-21 19:36:12.303,107727.6,0.00008146,buy,740865624
'2025-05-21 19:36:12.303,107727.7,0.00004166,buy,740865625
'2025-05-21 19:36:12.303,107728.1,0.00001131,buy,740865626
'2025-05-21 19:36:12.303,107728.2,0.00001432,buy,740865627
'2025-05-21 19:36:12.303,107728.5,0.0000153,buy,740865628
'2025-05-21 19:36:12.303,107728.7,0.00002012,buy,740865630
'2025-05-21 19:36:12.303,107728.8,0.00001413,buy,740865631
'2025-05-21 19:36:12.303,107729.1,0.00013692,buy,740865632
'2025-05-21 19:36:12.303,107729.2,0.0001302,buy,740865633
'2025-05-21 19:36:12.303,107729.4,0.00019102,buy,740865638
'2025-05-21 19:36:12.303,107729.5,0.00156808,buy,740865639
'2025-05-21 19:36:12.519,107729.4,0.00017842,sell,740865640
'2025-05-21 19:36:12.536,107729.4,0.007635,sell,740865641
'2025-05-21 19:36:13.182,107729.4,0.00282,sell,740865644
'2025-05-21 19:36:14.097,107729.4,0.00018985,sell,740865645
'2025-05-21 19:36:14.118,107729.5,0.00798885,buy,740865650
'2025-05-21 19:36:14.118,107729.8,0.00007703,buy,740865651
'2025-05-21 19:36:14.118,107729.9,0.00042525,buy,740865656
'2025-05-21 19:36:14.118,107730,0.00084346,buy,740865661
'2025-05-21 19:36:14.118,107730.2,0.00241823,buy,740865662
'2025-05-21 19:36:14.120,107730.7,0.00001078,buy,740865663
'2025-05-21 19:36:14.120,107730.9,0.00003762,buy,740865664
'2025-05-21 19:36:14.120,107731,0.0025,buy,740865665
'2025-05-21 19:36:14.120,107731.2,0.00001031,buy,740865666
'2025-05-21 19:36:14.120,107731.4,0.00002447,buy,740865668
'2025-05-21 19:36:14.120,107731.6,0.0000104,buy,740865669
'2025-05-21 19:36:14.120,107731.7,0.00324155,buy,740865671
'2025-05-21 19:36:14.120,107731.8,0.00001013,buy,740865672
'2025-05-21 19:36:14.120,107731.9,0.00010439,buy,740865673
'2025-05-21 19:36:14.120,107732,0.00263564,buy,740865679
'2025-05-21 19:36:14.120,107732.2,0.0000101,buy,740865680
'2025-05-21 19:36:14.120,107732.3,0.00009494,buy,740865683
'2025-05-21 19:36:14.120,107732.4,0.00003291,buy,740865684
'2025-05-21 19:36:14.120,107732.8,0.00006475,buy,740865685
'2025-05-21 19:36:14.186,107733.2,0.002153,sell,740865686
'2025-05-21 19:36:14.804,107733.2,0.07875281,sell,740865687
'2025-05-21 19:36:14.817,107733.2,0.01092329,sell,740865688
'2025-05-21 19:36:14.817,107733.2,0.01281127,sell,740865689
'2025-05-21 19:36:15.184,107733.2,0.000057,sell,740865690
'2025-05-21 19:36:15.655,107733.3,0.00093,buy,740865706
'2025-05-21 19:36:16.757,107733.2,0.263186,sell,740865707
'2025-05-21 19:36:18.032,107733.2,0.0232,sell,740865708
'2025-05-21 19:36:18.055,107733.2,0.00009842,sell,740865709
'2025-05-21 19:36:18.325,107733.3,0.04362903,buy,740865724
'2025-05-21 19:36:18.327,107733.3,0.00235974,buy,740865726
'2025-05-21 19:36:18.327,107733.8,0.00005118,buy,740865728
'2025-05-21 19:36:18.327,107734.4,0.00001034,buy,740865729
'2025-05-21 19:36:18.327,107735.8,0.00002952,buy,740865731
'2025-05-21 19:36:18.327,107736.1,0.00002433,buy,740865732
'2025-05-21 19:36:18.327,107736.3,0.00010908,buy,740865733
'2025-05-21 19:36:18.327,107736.6,0.002388,buy,740865734
'2025-05-21 19:36:18.331,107736.8,0.00021412,buy,740865735
'2025-05-21 19:36:18.331,107736.9,0.00118365,buy,740865742
'2025-05-21 19:36:18.331,107737.4,0.0036707,buy,740865743
'2025-05-21 19:36:18.340,107737.4,0.00001856,buy,740865744
'2025-05-21 19:36:18.994,107737.3,0.00029412,sell,740865745
'2025-05-21 19:36:19.407,107737.3,0.00072641,sell,740865748
'2025-05-21 19:36:19.523,107737.2,0.04672782,sell,740865750
'2025-05-21 19:36:19.524,107737.2,0.08061812,sell,740865751
'2025-05-21 19:36:19.524,107737.2,0.01527523,sell,740865752
'2025-05-21 19:36:19.524,107737.2,0.05429898,sell,740865753
'2025-05-21 19:36:19.525,107737.2,0.07547626,sell,740865755
'2025-05-21 19:36:19.527,107737.2,0.03021925,sell,740865759
'2025-05-21 19:36:19.539,107737.2,0.09738434,sell,740865760
'2025-05-21 19:36:19.547,107732.8,0.0005445,sell,740865761
'2025-05-21 19:36:19.547,107730,0.00002,sell,740865762
'2025-05-21 19:36:19.641,107729.7,0.00040651,sell,740865763
'2025-05-21 19:36:19.679,107729.8,0.00199423,buy,740865764
'2025-05-21 19:36:21.704,107729.8,0.00186,buy,740865765
'2025-05-21 19:36:21.842,107729.7,0.0003617,sell,740865766
'2025-05-21 19:36:22.473,107729.8,0.00937525,buy,740865767
'2025-05-21 19:36:22.876,107729.8,0.00009282,buy,740865768
'2025-05-21 19:36:23.347,107729.7,0.2465,sell,740865773
'2025-05-21 19:36:23.347,107729.7,0.15372471,sell,740865778
'2025-05-21 19:36:23.349,107725.4,0.0005,sell,740865779
'2025-05-21 19:36:23.362,107720,0.00081242,sell,740865782
'2025-05-21 19:36:23.362,107712.4,0.00100564,sell,740865783
'2025-05-21 19:36:23.362,107712.1,0.00036068,sell,740865785
'2025-05-21 19:36:23.362,107711.6,0.14713336,sell,740865786
'2025-05-21 19:36:23.362,107711.5,0.008,sell,740865787
'2025-05-21 19:36:23.362,107710,0.00081242,sell,740865790
'2025-05-21 19:36:23.362,107709.5,0.01238155,sell,740865791
'2025-05-21 19:36:23.362,107709.1,0.00742574,sell,740865792
'2025-05-21 19:36:23.362,107708.9,0.00806819,sell,740865793
'2025-05-21 19:36:23.637,107710.1,0.00013086,sell,740865794
'2025-05-21 19:36:23.680,107710,0.14544828,sell,740865798
'2025-05-21 19:36:23.680,107710,0.1211,sell,740865800
'2025-05-21 19:36:23.681,107710,0.01499942,sell,740865801
'2025-05-21 19:36:23.681,107710,0.00534001,sell,740865802
'2025-05-21 19:36:23.682,107710,0.0558,sell,740865805
'2025-05-21 19:36:23.682,107710,0.0214,sell,740865806
'2025-05-21 19:36:23.682,107710,0.03556229,sell,740865808
'2025-05-21 19:36:23.692,107700,0.00080242,sell,740865811
'2025-05-21 19:36:23.692,107698,0.00315227,sell,740865812
'2025-05-21 19:36:23.692,107692.6,0.000015,sell,740865813
'2025-05-21 19:36:23.692,107691.8,0.01860954,sell,740865815
'2025-05-21 19:36:23.737,107690,0.00080242,sell,740865818
'2025-05-21 19:36:23.781,107686.6,0.06952945,buy,740865819
'2025-05-21 19:36:23.927,107686.6,0.0002,buy,740865820
'2025-05-21 19:36:24.157,107686.5,0.00343882,sell,740865823
'2025-05-21 19:36:24.182,107684.2,0.00050002,sell,740865824
'2025-05-21 19:36:24.183,107684.2,0.00051582,sell,740865825
'2025-05-21 19:36:24.184,107684.2,0.00051582,sell,740865826
'2025-05-21 19:36:24.349,107683.2,0.00860517,sell,740865827
'2025-05-21 19:36:24.352,107683.2,0.01324934,sell,740865828
'2025-05-21 19:36:24.354,107683.2,0.01976222,sell,740865830
'2025-05-21 19:36:24.357,107680.7,0.00001,sell,740865831
'2025-05-21 19:36:24.546,107680.4,0.00231777,sell,740865832
'2025-05-21 19:36:24.874,107680.4,0.00675756,sell,740865833
'2025-05-21 19:36:24.874,107680.4,0.01927414,sell,740865834
'2025-05-21 19:36:24.874,107680.4,0.01847475,sell,740865835
'2025-05-21 19:36:24.874,107680.4,0.08828515,sell,740865836
'2025-05-21 19:36:24.874,107680.4,0.17892063,sell,740865838
'2025-05-21 19:36:24.874,107680,0.00083418,sell,740865842
'2025-05-21 19:36:24.876,107675,0.00315397,sell,740865843
'2025-05-21 19:36:24.876,107674.3,0.00981661,sell,740865844
'2025-05-21 19:36:24.876,107674.3,0.00712011,sell,740865845
'2025-05-21 19:36:24.887,107673.6,0.00001,sell,740865846
'2025-05-21 19:36:24.917,107670,0.00090567,sell,740865850
'2025-05-21 19:36:24.917,107666.6,0.00015835,sell,740865851
'2025-05-21 19:36:25.017,107663.5,0.00001751,sell,740865852
'2025-05-21 19:36:25.545,107663.5,0.00013976,sell,740865853
'2025-05-21 19:36:25.757,107663.5,0.00008372,sell,740865854
'2025-05-21 19:36:25.870,107663.6,0.03833848,buy,740865857
'2025-05-21 19:36:25.877,107670,0.00001,buy,740865858
'2025-05-21 19:36:25.877,107671.4,0.0005,buy,740865859
'2025-05-21 19:36:25.877,107671.7,0.0009,buy,740865860
'2025-05-21 19:36:26.187,107680,0.00080242,buy,740865863
'2025-05-21 19:36:26.194,107683.2,0.000573,sell,740865864
'2025-05-21 19:36:26.910,107683.2,0.00082723,sell,740865865
'2025-05-21 19:36:27.373,107683.3,0.0025025,buy,740865866
'2025-05-21 19:36:27.902,107683.3,0.00046,buy,740865867
'2025-05-21 19:36:27.902,107683.3,0.00046,buy,740865868
'2025-05-21 19:36:27.902,107683.3,0.04210882,buy,740865871
'2025-05-21 19:36:27.902,107684.3,0.0432,buy,740865872
'2025-05-21 19:36:27.902,107686,0.0185,buy,740865873
'2025-05-21 19:36:27.902,107686.1,0.01856126,buy,740865874
'2025-05-21 19:36:27.902,107686.6,0.0432,buy,740865875
'2025-05-21 19:36:27.902,107688,0.0185,buy,740865876
'2025-05-21 19:36:27.902,107690,0.01697317,buy,740865880
'2025-05-21 19:36:27.902,107690.1,0.0432,buy,740865881
'2025-05-21 19:36:27.902,107691.4,0.0441,buy,740865883
'2025-05-21 19:36:27.902,107692.6,0.00125699,buy,740865884
'2025-05-21 19:36:27.902,107692.7,0.18787625,buy,740865885
'2025-05-21 19:36:27.902,107692.9,0.00742829,buy,740865886
'2025-05-21 19:36:27.902,107693.7,0.52942151,buy,740865889
'2025-05-21 19:36:27.902,107694,0.02977414,buy,740865890
'2025-05-21 19:36:27.902,107695.7,0.02611247,buy,740865891
'2025-05-21 19:36:27.902,107696.2,0.142405,buy,740865892
'2025-05-21 19:36:27.902,107696.4,0.100234,buy,740865893
'2025-05-21 19:36:27.902,107696.7,0.0624,buy,740865895
'2025-05-21 19:36:27.902,107696.8,0.02968947,buy,740865897
'2025-05-21 19:36:27.902,107697.2,0.01238335,buy,740865898
'2025-05-21 19:36:27.902,107698,0.00001501,buy,740865899
'2025-05-21 19:36:27.902,107699.2,0.008,buy,740865900
'2025-05-21 19:36:27.902,107699.3,0.00005,buy,740865901
'2025-05-21 19:36:27.902,107699.5,0.03839118,buy,740865902
'2025-05-21 19:36:27.902,107699.7,0.00227748,buy,740865903
'2025-05-21 19:36:27.902,107700,0.00080242,buy,740865906
'2025-05-21 19:36:27.902,107702.1,0.31275026,buy,740865911
'2025-05-21 19:36:27.902,107702.3,0.14842991,buy,740865913
'2025-05-21 19:36:27.902,107703,0.01170425,buy,740865914
'2025-05-21 19:36:27.902,107703.4,0.20929849,buy,740865916
'2025-05-21 19:36:27.902,107703.5,0.04412425,buy,740865917
'2025-05-21 19:36:27.902,107703.6,0.08272176,buy,740865918
'2025-05-21 19:36:27.902,107703.6,0.10515449,buy,740865919
'2025-05-21 19:36:27.902,107703.9,0.06,buy,740865921
'2025-05-21 19:36:27.902,107704,0.00002,buy,740865922
'2025-05-21 19:36:27.902,107704.2,0.00106566,buy,740865923
'2025-05-21 19:36:27.902,107705,0.00010325,buy,740865924
'2025-05-21 19:36:27.902,107705.2,0.00464086,buy,740865925
'2025-05-21 19:36:27.902,107705.3,0.75294077,buy,740865927
'2025-05-21 19:36:27.902,107705.5,0.46702151,buy,740865928
'2025-05-21 19:36:27.902,107706,0.05010272,buy,740865929
'2025-05-21 19:36:27.902,107706.5,0.13704659,buy,740865930
'2025-05-21 19:36:27.902,107706.9,0.00928171,buy,740865931
'2025-05-21 19:36:27.902,107707.4,0.13704659,buy,740865932
'2025-05-21 19:36:27.902,107707.5,0.00371,buy,740865933
'2025-05-21 19:36:27.902,107708.2,0.15616034,buy,740865937
'2025-05-21 19:36:27.905,107708.2,0.00046,buy,740865938
'2025-05-21 19:36:27.905,107708.2,0.02637966,buy,740865939
'2025-05-21 19:36:27.905,107708.3,0.01105328,buy,740865941
'2025-05-21 19:36:27.906,107709.9,0.0224074,buy,740865942
'2025-05-21 19:36:27.906,107709.9,0.03278579,buy,740865943
'2025-05-21 19:36:27.906,107710,0.00080242,buy,740865946
'2025-05-21 19:36:27.906,107710.7,0.00106566,buy,740865947
'2025-05-21 19:36:27.906,107712.9,0.00027663,buy,740865948
'2025-05-21 19:36:27.906,107712.9,0.00343337,buy,740865949
'2025-05-21 19:36:27.906,107715.5,0.13746612,buy,740865950
'2025-05-21 19:36:27.906,107715.9,0.04,buy,740865951
'2025-05-21 19:36:27.906,107716.9,0.02706,buy,740865952
'2025-05-21 19:36:27.907,107720,0.04083418,buy,740865957
'2025-05-21 19:36:27.907,107723.2,0.0412616,buy,740865959
'2025-05-21 19:36:27.907,107726.8,0.00001,buy,740865960
'2025-05-21 19:36:27.907,107728.5,0.02786036,buy,740865961
'2025-05-21 19:36:27.907,107729,0.00419311,buy,740865962
'2025-05-21 19:36:27.907,107729.8,0.00046,buy,740865963
'2025-05-21 19:36:27.907,107729.8,0.04,buy,740865964
'2025-05-21 19:36:27.908,107730,0.00081242,buy,740865968
'2025-05-21 19:36:27.908,107731.7,0.01391938,buy,740865969
'2025-05-21 19:36:27.908,107732,0.002,buy,740865971
'2025-05-21 19:36:27.908,107733,0.001,buy,740865972
'2025-05-21 19:36:27.908,107733.3,0.00015835,buy,740865973
'2025-05-21 19:36:27.908,107733.9,0.02784513,buy,740865974
'2025-05-21 19:36:27.908,107734.2,0.00002,buy,740865975
'2025-05-21 19:36:27.908,107734.3,0.01451986,buy,740865976
'2025-05-21 19:36:27.908,107734.6,0.45653682,buy,740865977
'2025-05-21 19:36:27.908,107735.3,0.27368,buy,740865978
'2025-05-21 19:36:27.909,107737,0.08,buy,740865979
'2025-05-21 19:36:27.910,107728.2,0.0278466,buy,740865980
'2025-05-21 19:36:27.910,107737,0.10563724,buy,740865981
'2025-05-21 19:36:27.910,107737.4,0.0080597,buy,740865983
'2025-05-21 19:36:27.910,107737.7,0.00002873,buy,740865984
'2025-05-21 19:36:27.910,107737.8,0.00022455,buy,740865985
'2025-05-21 19:36:27.910,107738,0.0000523,buy,740865986
'2025-05-21 19:36:27.910,107738.2,0.00004535,buy,740865987
'2025-05-21 19:36:27.910,107738.4,0.00001001,buy,740865988
'2025-05-21 19:36:27.910,107738.7,0.00001083,buy,740865989
'2025-05-21 19:36:27.910,107739.1,0.00004588,buy,740865990
'2025-05-21 19:36:27.910,107739.2,0.00002838,buy,740865992
'2025-05-21 19:36:27.910,107739.6,0.01801043,buy,740865998
'2025-05-21 19:36:27.911,107738.3,0.00464241,buy,740865999
'2025-05-21 19:36:27.911,107739.6,0.03535759,buy,740866000
'2025-05-21 19:36:27.919,107728,0.0557396,buy,740866002
'2025-05-21 19:36:27.929,107728,0.00927,buy,740866004
'2025-05-21 19:36:27.951,107727.9,0.00001001,sell,740866005
'2025-05-21 19:36:27.951,107727.9,0.00001001,sell,740866006
'2025-05-21 19:36:27.954,107727.9,0.0506,sell,740866007
'2025-05-21 19:36:28.034,107727.3,0.01123,sell,740866008
'2025-05-21 19:36:28.065,107727.3,0.0170743,sell,740866009
'2025-05-21 19:36:28.066,107727.3,0.03659644,sell,740866010
'2025-05-21 19:36:28.066,107727.3,0.00157,sell,740866011
'2025-05-21 19:36:28.066,107727.3,0.01205,sell,740866012
'2025-05-21 19:36:28.066,107727.3,0.01195,sell,740866013
'2025-05-21 19:36:28.066,107727.3,0.03192388,sell,740866014
'2025-05-21 19:36:28.067,107727.3,0.02695401,sell,740866015
'2025-05-21 19:36:28.068,107727.3,0.001,sell,740866016
'2025-05-21 19:36:28.068,107727.3,0.06423044,sell,740866019
'2025-05-21 19:36:28.077,107721.8,0.00095,sell,740866020
'2025-05-21 19:36:28.077,107721.1,0.00000001,sell,740866021
'2025-05-21 19:36:28.078,107721.1,0.00095001,sell,740866022
'2025-05-21 19:36:28.597,107720.1,0.01,buy,740866023
'2025-05-21 19:36:29.705,107720.1,0.00023208,buy,740866024
'2025-05-21 19:36:29.723,107720,0.018,sell,740866031
'2025-05-21 19:36:29.728,107720,0.018,sell,740866032
'2025-05-21 19:36:30.277,107720.1,0.00002227,buy,740866033
'2025-05-21 19:36:30.320,107720,0.018,sell,740866034
'2025-05-21 19:36:30.582,107720,0.03155645,sell,740866035
'2025-05-21 19:36:30.582,107720,0.014,sell,740866036
'2025-05-21 19:36:30.582,107720,0.01894333,sell,740866037
'2025-05-21 19:36:30.582,107720,0.0139,sell,740866038
'2025-05-21 19:36:30.582,107720,0.0216,sell,740866039
'2025-05-21 19:36:30.588,107720,0.00458406,sell,740866040
'2025-05-21 19:36:30.588,107720,0.01270495,sell,740866041
'2025-05-21 19:36:30.842,107720,0.00376113,sell,740866042
'2025-05-21 19:36:31.041,107720.1,0.00186,buy,740866043
'2025-05-21 19:36:31.118,107720,0.00455389,sell,740866045
'2025-05-21 19:36:31.167,107718,0.00020003,sell,740866046
'2025-05-21 19:36:31.537,107712.3,0.00004641,buy,740866047
'2025-05-21 19:36:31.617,107720,0.00009352,buy,740866049
'2025-05-21 19:36:31.617,107720.1,0.00143108,buy,740866054
'2025-05-21 19:36:32.168,107723.6,0.00046,buy,740866055
'2025-05-21 19:36:32.170,107723.6,0.00137395,buy,740866062
'2025-05-21 19:36:32.177,107725.7,0.0005,buy,740866063
'2025-05-21 19:36:32.344,107729.9,0.12111211,sell,740866065
'2025-05-21 19:36:33.403,107730,0.01570994,buy,740866076
'2025-05-21 19:36:33.407,107730.1,0.00003311,buy,740866077
'2025-05-21 19:36:33.599,107733.8,0.02,buy,740866079
'2025-05-21 19:36:34.047,107733.8,0.00075844,buy,740866085
'2025-05-21 19:36:34.057,107740,0.00094121,buy,740866091
'2025-05-21 19:36:34.057,107740.3,0.00001157,buy,740866092
'2025-05-21 19:36:34.057,107740.5,0.00009869,buy,740866093
'2025-05-21 19:36:34.057,107740.7,0.00001679,buy,740866094
'2025-05-21 19:36:34.517,107741.4,0.00022641,sell,740866096
'2025-05-21 19:36:34.700,107741.3,0.4000464,sell,740866098
'2025-05-21 19:36:34.701,107740,0.00002,sell,740866099
'2025-05-21 19:36:34.892,107730,0.0135,sell,740866103
'2025-05-21 19:36:34.897,107730,0.00000144,sell,740866104
'2025-05-21 19:36:34.897,107724,0.00096,sell,740866105
'2025-05-21 19:36:34.897,107721.6,0.00005,sell,740866106
'2025-05-21 19:36:34.897,107720.3,0.0005,sell,740866107
'2025-05-21 19:36:34.899,107720,0.00065402,sell,740866108
'2025-05-21 19:36:35.086,107720,0.00098242,sell,740866112
'2025-05-21 19:36:35.086,107716,0.00597988,sell,740866113
'2025-05-21 19:36:35.555,107714,0.01775525,sell,740866114
'2025-05-21 19:36:35.627,107714,0.00018,sell,740866115
'2025-05-21 19:36:35.627,107712.2,0.00024815,sell,740866116
'2025-05-21 19:36:35.627,107710,0.00080242,sell,740866119
'2025-05-21 19:36:35.637,107707.9,0.00096,sell,740866120
'2025-05-21 19:36:35.810,107707.9,0.03834687,buy,740866125
'2025-05-21 19:36:36.511,107707.9,0.00093,buy,740866126
'2025-05-21 19:36:36.523,107707.8,0.018,sell,740866128
'2025-05-21 19:36:36.525,107707.8,0.279,sell,740866130
'2025-05-21 19:36:36.525,107707.8,0.11556159,sell,740866132
'2025-05-21 19:36:36.525,107705,0.00325833,sell,740866136
'2025-05-21 19:36:36.525,107704.8,0.02446281,sell,740866137
'2025-05-21 19:36:36.525,107704,0.01,sell,740866138
'2025-05-21 19:36:36.525,107703,0.01,sell,740866139
'2025-05-21 19:36:36.525,107702.5,0.02446333,sell,740866140
'2025-05-21 19:36:36.525,107702,0.01952135,sell,740866142
'2025-05-21 19:36:36.525,107700.4,0.02446381,sell,740866143
'2025-05-21 19:36:36.525,107700,0.00080242,sell,740866146
'2025-05-21 19:36:36.525,107699.8,0.00096,sell,740866147
'2025-05-21 19:36:36.525,107699.7,0.0005,sell,740866148
'2025-05-21 19:36:36.525,107694.4,0.00188,sell,740866149
'2025-05-21 19:36:36.525,107691.7,0.04312636,sell,740866150
'2025-05-21 19:36:36.811,107691.3,0.0002,buy,740866151
'2025-05-21 19:36:37.196,107691.2,0.000095,sell,740866152
'2025-05-21 19:36:37.951,107691.2,0.002,sell,740866153
'2025-05-21 19:36:39.366,107691.2,0.01848808,sell,740866155
'2025-05-21 19:36:39.366,107691.2,0.01950019,sell,740866156
'2025-05-21 19:36:39.366,107691.2,0.0185,sell,740866157
'2025-05-21 19:36:39.366,107691.2,0.02418023,sell,740866158
'2025-05-21 19:36:39.366,107691.2,0.02925028,sell,740866159
'2025-05-21 19:36:39.366,107691.2,0.02418023,sell,740866162
'2025-05-21 19:36:39.366,107691.2,0.00199981,sell,740866163
'2025-05-21 19:36:39.369,107691.2,0.00414972,sell,740866164
'2025-05-21 19:36:39.369,107691.2,0.00341977,sell,740866165
'2025-05-21 19:36:39.369,107691.2,0.00341977,sell,740866166
'2025-05-21 19:36:39.372,107691.2,0.26692474,sell,740866171
'2025-05-21 19:36:39.377,107690,0.00080242,sell,740866174
'2025-05-21 19:36:39.387,107684.2,0.0005,sell,740866175
'2025-05-21 19:36:39.387,107683.1,0.00095,sell,740866176
'2025-05-21 19:36:39.399,107680,0.00083418,sell,740866180
'2025-05-21 19:36:39.399,107679.7,0.00315366,sell,740866181
'2025-05-21 19:36:39.399,107678.4,0.02598544,sell,740866182
'2025-05-21 19:36:39.399,107678,0.0185,sell,740866183
'2025-05-21 19:36:39.399,107676,0.0185,sell,740866184
'2025-05-21 19:36:39.757,107672.1,0.0000464,buy,740866185
'2025-05-21 19:36:39.757,107674.1,0.00019098,buy,740866186
'2025-05-21 19:36:40.063,107674.9,0.02919395,buy,740866188
'2025-05-21 19:36:40.067,107679.2,0.0005,buy,740866189
'2025-05-21 19:36:40.067,107680,0.00001,buy,740866190
'2025-05-21 19:36:40.310,107682,0.00082257,buy,740866192
'2025-05-21 19:36:40.317,107685.9,0.00062853,buy,740866193
'2025-05-21 19:36:40.317,107690,0.00080242,buy,740866196
'2025-05-21 19:36:40.377,107692.1,0.0005,buy,740866197
'2025-05-21 19:36:40.457,107694,0.00161565,buy,740866199
'2025-05-21 19:36:40.467,107698.4,0.00001502,buy,740866200
'2025-05-21 19:36:40.467,107698.4,0.00001502,buy,740866201
'2025-05-21 19:36:40.472,107698.4,0.00001502,buy,740866202
'2025-05-21 19:36:40.472,107698.4,0.00001502,buy,740866203
'2025-05-21 19:36:40.737,107698.4,0.00009655,buy,740866204
'2025-05-21 19:36:40.737,107700,0.00080242,buy,740866207
'2025-05-21 19:36:40.837,107701.8,0.0005,sell,740866208
'2025-05-21 19:36:41.961,107700.1,0.00002541,buy,740866209
'2025-05-21 19:36:42.258,107700,0.31415621,sell,740866215
'2025-05-21 19:36:42.362,107700.1,0.00148761,buy,740866217
'2025-05-21 19:36:42.690,107701.9,0.00018569,buy,740866218
'2025-05-21 19:36:42.915,107701.9,0.01610331,buy,740866222
'2025-05-21 19:36:42.915,107702.2,0.000255,buy,740866223
'2025-05-21 19:36:42.916,107704.3,0.000255,buy,740866224
'2025-05-21 19:36:42.920,107705.4,0.000255,buy,740866225
'2025-05-21 19:36:43.307,107710,0.00155379,buy,740866229
'2025-05-21 19:36:44.137,107712,0.00023392,buy,740866234
'2025-05-21 19:36:46.460,107713.4,0.00009856,buy,740866235
'2025-05-21 19:36:49.611,107713.4,0.00193853,buy,740866236
'2025-05-21 19:36:49.692,107713.4,0.00017535,buy,740866241
'2025-05-21 19:36:49.707,107719.7,0.00001,buy,740866242
'2025-05-21 19:36:49.707,107720,0.00083418,buy,740866246
'2025-05-21 19:36:50.137,107720.9,0.0032215,buy,740866251
'2025-05-21 19:36:50.137,107721,0.0010587,buy,740866252
'2025-05-21 19:36:50.596,107730,0.00080242,buy,740866255
'2025-05-21 19:36:50.603,107732.4,0.00315176,buy,740866256
'2025-05-21 19:36:50.617,107739.7,0.0005,buy,740866257
'2025-05-21 19:36:50.617,107740,0.00090568,buy,740866262
'2025-05-21 19:36:50.617,107740,0.00140568,buy,740866263
'2025-05-21 19:36:50.623,107739.9,0.00081778,sell,740866264
'2025-05-21 19:36:52.572,107740,0.03029803,buy,740866271
'2025-05-21 19:36:52.577,107741.5,0.00001006,buy,740866272
'2025-05-21 19:36:52.577,107741.7,0.00001776,buy,740866273
'2025-05-21 19:36:53.586,107741.9,0.00796095,buy,740866285
'2025-05-21 19:36:54.566,107742.4,0.00069069,buy,740866290
'2025-05-21 19:36:54.566,107743.3,0.00002691,buy,740866291
'2025-05-21 19:36:55.034,107743.8,0.00055689,sell,740866292
'2025-05-21 19:36:55.046,107743.9,0.00328464,buy,740866294
'2025-05-21 19:36:55.046,107744,0.0000281,buy,740866295
'2025-05-21 19:36:55.046,107744.1,0.00034645,buy,740866296
'2025-05-21 19:36:55.046,107744.2,0.00003002,buy,740866297
'2025-05-21 19:36:55.046,107744.3,0.00011904,buy,740866298
'2025-05-21 19:36:55.046,107744.6,0.00005478,buy,740866301
'2025-05-21 19:36:55.046,107745,0.00001258,buy,740866302
'2025-05-21 19:36:55.046,107746.2,0.00001467,buy,740866303
'2025-05-21 19:36:55.046,107746.4,0.00005707,buy,740866307
'2025-05-21 19:36:55.046,107747.1,0.00115646,buy,740866313
'2025-05-21 19:36:55.046,107747.2,0.00003364,buy,740866315
'2025-05-21 19:36:55.046,107747.9,0.00013746,buy,740866316
'2025-05-21 19:36:55.046,107748,0.0185,buy,740866317
'2025-05-21 19:36:55.046,107748.7,0.0001298,buy,740866319
'2025-05-21 19:36:55.046,107748.8,0.00003755,buy,740866321
'2025-05-21 19:36:55.046,107749,0.0000422,buy,740866323
'2025-05-21 19:36:55.046,107749.3,0.00023003,buy,740866325
'2025-05-21 19:36:55.046,107749.5,0.0001769,buy,740866330
'2025-05-21 19:36:55.046,107749.6,0.00001004,buy,740866331
'2025-05-21 19:36:55.046,107749.9,0.00217916,buy,740866338
'2025-05-21 19:36:55.046,107750,0.2657965,buy,740866409
'2025-05-21 19:36:55.046,107750.1,0.00006252,buy,740866411
'2025-05-21 19:36:55.046,107750.2,0.00036133,buy,740866413
'2025-05-21 19:36:55.046,107750.6,0.00013144,buy,740866416
'2025-05-21 19:36:55.046,107750.7,0.00001494,buy,740866417
'2025-05-21 19:36:55.046,107750.9,0.01474656,buy,740866418
'2025-05-21 19:36:55.046,107751,0.00015479,buy,740866419
'2025-05-21 19:36:55.046,107751.1,0.00003538,buy,740866422
'2025-05-21 19:36:55.046,107751.4,0.00786396,buy,740866424
'2025-05-21 19:36:55.046,107751.5,0.03069498,buy,740866425
'2025-05-21 19:36:55.046,107751.6,0.00006721,buy,740866428
'2025-05-21 19:36:55.046,107751.7,0.00001,buy,740866429
'2025-05-21 19:36:55.047,107752,0.00089,buy,740866430
'2025-05-21 19:36:55.047,107752.1,0.00013111,buy,740866431
'2025-05-21 19:36:55.047,107752.3,0.00032006,buy,740866432
'2025-05-21 19:36:55.047,107752.4,0.0000105,buy,740866433
'2025-05-21 19:36:55.047,107752.7,0.00220917,buy,740866435
'2025-05-21 19:36:55.047,107752.9,0.04852675,buy,740866437
'2025-05-21 19:36:55.047,107753,0.00291757,buy,740866438
'2025-05-21 19:36:55.047,107753.3,0.00003051,buy,740866439
'2025-05-21 19:36:55.047,107753.4,0.00014603,buy,740866440
'2025-05-21 19:36:55.047,107753.6,0.00004474,buy,740866443
'2025-05-21 19:36:55.047,107753.7,0.00001016,buy,740866444
'2025-05-21 19:36:55.047,107753.8,0.00209352,buy,740866445
'2025-05-21 19:36:55.047,107754,0.00014359,buy,740866446
'2025-05-21 19:36:55.047,107754.1,0.00001017,buy,740866447
'2025-05-21 19:36:55.047,107754.2,0.00008301,buy,740866450
'2025-05-21 19:36:55.047,107754.4,0.00011759,buy,740866452
'2025-05-21 19:36:55.047,107754.5,0.00008167,buy,740866453
'2025-05-21 19:36:55.047,107754.7,0.2475,buy,740866454
'2025-05-21 19:36:55.047,107754.9,0.00004649,buy,740866455
'2025-05-21 19:36:55.047,107755,0.00003063,buy,740866458
'2025-05-21 19:36:55.047,107755.1,0.00041597,buy,740866460
'2025-05-21 19:36:55.047,107755.2,0.00001,buy,740866461
'2025-05-21 19:36:55.047,107755.4,0.00007351,buy,740866463
'2025-05-21 19:36:55.047,107755.5,0.00001105,buy,740866464
'2025-05-21 19:36:55.047,107755.6,0.00005035,buy,740866466
'2025-05-21 19:36:55.047,107756,0.00056571,buy,740866474
'2025-05-21 19:36:55.047,107756.3,0.00001265,buy,740866475
'2025-05-21 19:36:55.047,107756.4,0.00001847,buy,740866476
'2025-05-21 19:36:55.047,107756.8,0.00001052,buy,740866477
'2025-05-21 19:36:55.047,107757.1,0.02786634,buy,740866479
'2025-05-21 19:36:55.047,107757.3,0.00001349,buy,740866480
'2025-05-21 19:36:55.047,107757.4,0.00183,buy,740866481
'2025-05-21 19:36:55.047,107757.6,0.00012558,buy,740866485
'2025-05-21 19:36:55.047,107757.7,0.00001313,buy,740866486
'2025-05-21 19:36:55.047,107757.9,0.00300295,buy,740866488
'2025-05-21 19:36:55.047,107758,0.00014033,buy,740866489
'2025-05-21 19:36:55.047,107758.6,0.00645311,buy,740866491
'2025-05-21 19:36:55.047,107758.7,0.00001019,buy,740866492
'2025-05-21 19:36:55.047,107758.8,0.00004543,buy,740866494
'2025-05-21 19:36:55.047,107759.2,0.00002763,buy,740866495
'2025-05-21 19:36:55.047,107759.3,0.00002151,buy,740866496
'2025-05-21 19:36:55.047,107759.7,0.00008637,buy,740866498
'2025-05-21 19:36:55.047,107759.8,0.00011762,buy,740866499
'2025-05-21 19:36:55.047,107759.9,0.05491927,buy,740866500
'2025-05-21 19:36:55.047,107760,0.02098597,buy,740866520
'2025-05-21 19:36:55.047,107760.5,0.00742336,buy,740866521
'2025-05-21 19:36:55.047,107761,0.00019749,buy,740866526
'2025-05-21 19:36:55.047,107761.2,0.00013675,buy,740866529
'2025-05-21 19:36:55.047,107761.6,0.00008229,buy,740866530
'2025-05-21 19:36:55.047,107761.9,0.00045834,buy,740866532
'2025-05-21 19:36:55.047,107762.1,0.00011564,buy,740866534
'2025-05-21 19:36:55.047,107762.3,0.00001,buy,740866535
'2025-05-21 19:36:55.047,107762.4,0.00001142,buy,740866536
'2025-05-21 19:36:55.047,107762.5,0.00789749,buy,740866538
'2025-05-21 19:36:55.047,107762.6,0.00006,buy,740866539
'2025-05-21 19:36:55.047,107762.8,0.00409397,buy,740866541
'2025-05-21 19:36:55.047,107762.9,0.0046491,buy,740866542
'2025-05-21 19:36:55.047,107763.6,0.00006067,buy,740866543
'2025-05-21 19:36:55.047,107764,0.00001478,buy,740866544
'2025-05-21 19:36:55.047,107764.7,0.00002753,buy,740866545
'2025-05-21 19:36:55.047,107764.8,0.0001495,buy,740866547
'2025-05-21 19:36:55.047,107764.9,0.0000996,buy,740866550
'2025-05-21 19:36:55.047,107765,0.00216179,buy,740866551
'2025-05-21 19:36:55.047,107765.1,0.00002638,buy,740866552
'2025-05-21 19:36:55.047,107765.3,0.00026957,buy,740866555
'2025-05-21 19:36:55.047,107765.5,0.00001027,buy,740866556
'2025-05-21 19:36:55.047,107765.9,0.00015607,buy,740866560
'2025-05-21 19:36:55.047,107766,0.00049746,buy,740866564
'2025-05-21 19:36:55.047,107766.1,0.00011007,buy,740866565
'2025-05-21 19:36:55.047,107766.5,0.00196188,buy,740866570
'2025-05-21 19:36:55.047,107766.6,0.00687931,buy,740866576
'2025-05-21 19:36:55.047,107766.7,0.00059775,buy,740866582
'2025-05-21 19:36:55.047,107766.8,0.0000507,buy,740866585
'2025-05-21 19:36:55.047,107767.1,0.0000501,buy,740866586
'2025-05-21 19:36:55.047,107767.2,0.00003516,buy,740866587
'2025-05-21 19:36:55.047,107767.3,0.00001028,buy,740866588
'2025-05-21 19:36:55.047,107767.4,0.00001933,buy,740866589
'2025-05-21 19:36:55.047,107767.5,0.00540968,buy,740866590
'2025-05-21 19:36:55.047,107767.5,0.04,buy,740866591
'2025-05-21 19:36:55.047,107767.5,0.01328032,buy,740866592
'2025-05-21 19:36:55.047,107767.6,0.00937584,buy,740866593
'2025-05-21 19:36:55.047,107767.7,0.05734384,buy,740866597
'2025-05-21 19:36:55.047,107767.7,0.0027345,buy,740866598
'2025-05-21 19:36:55.047,107767.8,0.01926553,buy,740866599
'2025-05-21 19:36:55.047,107768.1,0.00371,buy,740866600
'2025-05-21 19:36:55.047,107768.5,0.00003652,buy,740866602
'2025-05-21 19:36:55.047,107768.7,0.00002533,buy,740866603
'2025-05-21 19:36:55.047,107769.2,0.00001214,buy,740866604
'2025-05-21 19:36:55.063,107769.3,0.00142558,buy,740866610
'2025-05-21 19:36:55.063,107769.4,0.00026927,buy,740866612
'2025-05-21 19:36:55.063,107769.5,0.01056326,buy,740866613
'2025-05-21 19:36:55.063,107769.6,0.06255004,buy,740866614
'2025-05-21 19:36:55.063,107769.7,0.00016004,buy,740866615
'2025-05-21 19:36:55.063,107770,0.00080242,buy,740866618
'2025-05-21 19:36:55.063,107770.2,0.00006332,buy,740866624
'2025-05-21 19:36:55.063,107770.4,0.00071894,buy,740866626
'2025-05-21 19:36:55.063,107769.4,0.00923112,sell,740866627
'2025-05-21 19:36:55.064,107770.5,0.00001004,buy,740866628
'2025-05-21 19:36:55.064,107770.7,0.00001347,buy,740866629
'2025-05-21 19:36:55.064,107770.8,0.00003574,buy,740866631
'2025-05-21 19:36:55.064,107771.3,0.00927617,buy,740866632
'2025-05-21 19:36:55.064,107771.6,0.000065,buy,740866633
'2025-05-21 19:36:55.064,107771.7,0.00002183,buy,740866634
'2025-05-21 19:36:55.064,107771.8,0.00001206,buy,740866635
'2025-05-21 19:36:55.064,107771.9,0.00004615,buy,740866638
'2025-05-21 19:36:55.064,107772,0.03539874,buy,740866640
'2025-05-21 19:36:55.064,107772,0.04891155,buy,740866642
'2025-05-21 19:36:55.064,107772.1,0.039,buy,740866643
'2025-05-21 19:36:55.064,107772.2,0.039,buy,740866644
'2025-05-21 19:36:55.064,107772.6,0.00080788,buy,740866646
'2025-05-21 19:36:55.064,107772.7,0.00003391,buy,740866647
'2025-05-21 19:36:55.064,107772.8,0.00002309,buy,740866649
'2025-05-21 19:36:55.064,107773.1,0.00006139,buy,740866652
'2025-05-21 19:36:55.064,107773.3,0.00005468,buy,740866655
'2025-05-21 19:36:55.064,107773.8,0.0002521,buy,740866656
'2025-05-21 19:36:55.064,107774,0.00002985,buy,740866658
'2025-05-21 19:36:55.064,107774.1,0.00010659,buy,740866660
'2025-05-21 19:36:55.064,107774.3,0.00001406,buy,740866661
'2025-05-21 19:36:55.064,107774.5,0.00003266,buy,740866663
'2025-05-21 19:36:55.064,107774.7,0.00018078,buy,740866664
'2025-05-21 19:36:55.064,107774.8,0.00001707,buy,740866665
'2025-05-21 19:36:55.064,107775,0.0001475,buy,740866667
'2025-05-21 19:36:55.064,107775.2,0.00003043,buy,740866668
'2025-05-21 19:36:55.064,107775.5,0.00048466,buy,740866669
'2025-05-21 19:36:55.067,107775.6,0.00008811,buy,740866670
'2025-05-21 19:36:55.067,107775.8,0.00020704,buy,740866673
'2025-05-21 19:36:55.067,107775.9,0.00001467,buy,740866674
'2025-05-21 19:36:55.067,107776,0.00006194,buy,740866676
'2025-05-21 19:36:55.067,107776.2,0.00014379,buy,740866677
'2025-05-21 19:36:55.067,107776.3,0.00001002,buy,740866678
'2025-05-21 19:36:55.075,107776.4,0.00116,sell,740866680
'2025-05-21 19:36:55.075,107776.3,0.15609403,sell,740866690
'2025-05-21 19:36:55.085,107776.4,0.0066,sell,740866691
'2025-05-21 19:36:55.088,107776.4,0.0066,sell,740866692
'2025-05-21 19:36:55.088,107776.4,0.0066,sell,740866693
'2025-05-21 19:36:55.088,107776.4,0.0066,sell,740866694
'2025-05-21 19:36:55.089,107776.4,0.0066,sell,740866695
'2025-05-21 19:36:55.089,107776.4,0.00046,sell,740866696
'2025-05-21 19:36:55.091,107776.4,0.0066,sell,740866697
'2025-05-21 19:36:55.093,107776.4,0.0066,sell,740866698
'2025-05-21 19:36:55.093,107776.4,0.0066,sell,740866699
'2025-05-21 19:36:55.148,107776.4,0.01,sell,740866702
'2025-05-21 19:36:55.148,107776.4,0.01,sell,740866703
'2025-05-21 19:36:55.209,107776.4,0.00115,sell,740866704
'2025-05-21 19:36:55.312,107776.4,0.00018,sell,740866705
'2025-05-21 19:36:55.403,107776.4,0.00198135,sell,740866706
'2025-05-21 19:36:56.062,107776.4,0.0012,sell,740866707
'2025-05-21 19:36:56.087,107776.5,0.00001211,buy,740866709
'2025-05-21 19:36:56.210,107776.4,0.008526,sell,740866712
'2025-05-21 19:36:56.907,107776.5,0.00779,buy,740866713
'2025-05-21 19:36:57.209,107776.4,0.001356,sell,740866714
'2025-05-21 19:36:58.052,107776.4,0.00031032,sell,740866715
'2025-05-21 19:36:58.116,107776.5,0.00093,buy,740866716
'2025-05-21 19:36:59.271,107776.5,0.64178762,buy,740866732
'2025-05-21 19:36:59.271,107776.6,0.00001102,buy,740866733
'2025-05-21 19:36:59.271,107776.7,0.00057784,buy,740866735
'2025-05-21 19:36:59.271,107776.8,0.00001208,buy,740866736
'2025-05-21 19:36:59.271,107776.9,0.06643796,buy,740866737
'2025-05-21 19:36:59.271,107777,0.5001455,buy,740866744
'2025-05-21 19:36:59.271,107777.3,0.00002467,buy,740866746
'2025-05-21 19:36:59.271,107777.6,0.00027315,buy,740866747
'2025-05-21 19:36:59.271,107777.7,0.02495045,buy,740866912
'2025-05-21 19:36:59.271,107778,0.0185,buy,740866913
'2025-05-21 19:36:59.271,107778.6,0.00001001,buy,740866914
'2025-05-21 19:36:59.271,107778.8,0.00008182,buy,740866917
'2025-05-21 19:36:59.271,107778.9,0.01679069,buy,740866919
'2025-05-21 19:36:59.271,107779,0.00001918,buy,740866920
'2025-05-21 19:36:59.271,107779.3,0.00141996,buy,740866923
'2025-05-21 19:36:59.271,107779.8,0.00003165,buy,740866925
'2025-05-21 19:36:59.271,107780,0.00081265,buy,740866929
'2025-05-21 19:36:59.271,107780.1,0.0000101,buy,740866930
'2025-05-21 19:36:59.271,107780.2,0.00002296,buy,740866931
'2025-05-21 19:36:59.271,107780.7,0.00003981,buy,740866932
'2025-05-21 19:36:59.271,107781,0.00001264,buy,740866933
'2025-05-21 19:36:59.271,107781.2,0.00010923,buy,740866934
'2025-05-21 19:36:59.271,107782,0.0185,buy,740866935
'2025-05-21 19:36:59.271,107782.3,0.00042438,buy,740866937
'2025-05-21 19:36:59.271,107782.5,0.00002611,buy,740866938
'2025-05-21 19:36:59.271,107782.6,0.00021631,buy,740866939
'2025-05-21 19:36:59.271,107783,0.00027582,buy,740866941
'2025-05-21 19:36:59.271,107783.2,0.00006276,buy,740866943
'2025-05-21 19:36:59.271,107783.3,0.00017134,buy,740866945
'2025-05-21 19:36:59.271,107783.4,0.00005044,buy,740866946
'2025-05-21 19:36:59.271,107783.5,0.0007166,buy,740866950
'2025-05-21 19:36:59.271,107783.7,0.02815289,buy,740866952
'2025-05-21 19:36:59.271,107783.9,0.00318536,buy,740866955
'2025-05-21 19:36:59.271,107784,0.00019064,buy,740866957
'2025-05-21 19:36:59.271,107784.1,0.00001508,buy,740866958
'2025-05-21 19:36:59.271,107784.5,0.00015386,buy,740866960
'2025-05-21 19:36:59.271,107784.6,0.00933803,buy,740866963
'2025-05-21 19:36:59.271,107785.2,0.00040805,buy,740866976
'2025-05-21 19:36:59.271,107785.5,0.00001415,buy,740866977
'2025-05-21 19:36:59.271,107785.6,0.00025252,buy,740866978
'2025-05-21 19:36:59.271,107785.7,0.00134179,buy,740866979
'2025-05-21 19:36:59.271,107786.3,0.00001048,buy,740866980
'2025-05-21 19:36:59.271,107786.5,0.00001012,buy,740866981
'2025-05-21 19:36:59.271,107786.8,0.0000125,buy,740866982
'2025-05-21 19:36:59.271,107787,0.00047544,buy,740866986
'2025-05-21 19:36:59.271,107787.1,0.00001013,buy,740866987
'2025-05-21 19:36:59.271,107787.2,0.00001,buy,740866988
'2025-05-21 19:36:59.271,107787.3,0.00001001,buy,740866989
'2025-05-21 19:36:59.271,107787.4,0.00005756,buy,740866991
'2025-05-21 19:36:59.271,107787.5,0.00001195,buy,740866992
'2025-05-21 19:36:59.271,107787.8,0.006939,buy,740866993
'2025-05-21 19:36:59.271,107787.9,0.00012422,buy,740866995
'2025-05-21 19:36:59.271,107788.5,0.00002429,buy,740866996
'2025-05-21 19:36:59.271,107788.8,0.00054455,buy,740867002
'2025-05-21 19:36:59.271,107789,0.00059277,buy,740867004
'2025-05-21 19:36:59.271,107789.1,0.00005053,buy,740867009
'2025-05-21 19:36:59.271,107789.2,0.00003857,buy,740867010
'2025-05-21 19:36:59.271,107789.3,0.00001032,buy,740867011
'2025-05-21 19:36:59.271,107789.4,0.0000985,buy,740867012
'2025-05-21 19:36:59.271,107789.6,0.00001834,buy,740867013
'2025-05-21 19:36:59.271,107789.7,0.00001288,buy,740867014
'2025-05-21 19:36:59.271,107790,0.00263534,buy,740867019
'2025-05-21 19:36:59.271,107790.2,0.00003129,buy,740867020
'2025-05-21 19:36:59.271,107790.4,0.03831569,buy,740867021
'2025-05-21 19:36:59.271,107790.8,0.00009711,buy,740867023
'2025-05-21 19:36:59.271,107790.9,0.00002498,buy,740867024
'2025-05-21 19:36:59.271,107791.2,0.00034172,buy,740867026
'2025-05-21 19:36:59.271,107791.4,0.00001245,buy,740867027
'2025-05-21 19:36:59.276,107784.6,0.00089,buy,740867028
'2025-05-21 19:36:59.278,107791.6,0.0003913,buy,740867030
'2025-05-21 19:36:59.278,107791.9,0.00002017,buy,740867032
'2025-05-21 19:36:59.278,107792,0.00099514,buy,740867034
'2025-05-21 19:36:59.278,107792,0.00140661,buy,740867035
'2025-05-21 19:36:59.283,107792,0.00105244,buy,740867036
'2025-05-21 19:36:59.283,107792,0.00105244,buy,740867037
'2025-05-21 19:36:59.286,107792,0.0016397,buy,740867038
'2025-05-21 19:36:59.286,107792,0.0016397,buy,740867039
'2025-05-21 19:36:59.306,107792.4,0.00097499,buy,740867040
'2025-05-21 19:36:59.306,107792.5,0.00001124,buy,740867041
'2025-05-21 19:36:59.306,107793.2,0.0000125,buy,740867042
'2025-05-21 19:36:59.306,107793.5,0.0107517,buy,740867043
'2025-05-21 19:36:59.306,107793.6,0.00001056,buy,740867044
'2025-05-21 19:36:59.306,107793.7,0.00059724,buy,740867045
'2025-05-21 19:36:59.306,107793.9,0.00671051,buy,740867047
'2025-05-21 19:36:59.306,107794,0.00656126,buy,740867048
'2025-05-21 19:36:59.315,107794.1,0.00002093,buy,740867049
'2025-05-21 19:36:59.322,107794.6,0.00001855,buy,740867050
'2025-05-21 19:36:59.323,107794.6,0.01042347,buy,740867051
'2025-05-21 19:36:59.323,107795,0.00001035,buy,740867052
'2025-05-21 19:36:59.323,107795.1,0.01995,buy,740867053
'2025-05-21 19:36:59.372,107795.4,0.00314901,buy,740867054
'2025-05-21 19:36:59.372,107795.6,0.00003651,buy,740867056
'2025-05-21 19:36:59.372,107795.9,0.00019378,buy,740867058
'2025-05-21 19:36:59.372,107796.3,0.00002069,buy,740867060
'2025-05-21 19:36:59.374,107796.5,0.00001024,buy,740867061
'2025-05-21 19:36:59.374,107796.6,0.00022481,buy,740867063
'2025-05-21 19:36:59.374,107796.7,0.00001006,buy,740867064
'2025-05-21 19:36:59.374,107796.8,0.00016083,buy,740867065
'2025-05-21 19:36:59.374,107797,0.00023768,buy,740867066
'2025-05-21 19:36:59.374,107797.1,0.00001039,buy,740867067
'2025-05-21 19:36:59.374,107797.3,0.00036114,buy,740867069
'2025-05-21 19:36:59.374,107797.6,0.00001483,buy,740867070
'2025-05-21 19:36:59.374,107798,0.00005033,buy,740867071
'2025-05-21 19:36:59.374,107798.4,0.00002315,buy,740867073
'2025-05-21 19:36:59.378,107798.5,0.00001041,buy,740867074
'2025-05-21 19:36:59.378,107798.7,0.00001582,buy,740867075
'2025-05-21 19:36:59.378,107799,0.00217821,buy,740867082
'2025-05-21 19:36:59.378,107799.2,0.00020904,buy,740867083
'2025-05-21 19:36:59.378,107799.4,0.00001259,buy,740867084
'2025-05-21 19:36:59.378,107799.6,0.00012802,buy,740867085
'2025-05-21 19:36:59.378,107799.7,0.00001832,buy,740867086
'2025-05-21 19:36:59.378,107799.8,0.00008633,buy,740867089
'2025-05-21 19:36:59.378,107799.9,0.00072056,buy,740867096
'2025-05-21 19:36:59.420,107799.9,0.00340553,buy,740867112
'2025-05-21 19:36:59.420,107800,0.00238853,buy,740867116
'2025-05-21 19:36:59.503,107800,0.13122305,buy,740867188
'2025-05-21 19:36:59.508,107800,0.02971078,buy,740867205
'2025-05-21 19:36:59.510,107799.9,0.00439857,sell,740867206
'2025-05-21 19:36:59.510,107799.9,0.0199529,sell,740867207
'2025-05-21 19:36:59.513,107800,0.01328849,buy,740867210
'2025-05-21 19:36:59.516,107800,0.00787,buy,740867211
'2025-05-21 19:36:59.519,107800,0.03186163,buy,740867212
'2025-05-21 19:36:59.520,107800,0.02583186,buy,740867222
'2025-05-21 19:36:59.521,107800,0.00412032,buy,740867223
'2025-05-21 19:36:59.524,107800,0.00431354,buy,740867224
'2025-05-21 19:36:59.525,107800,0.08690337,buy,740867227
'2025-05-21 19:36:59.526,107800,0.00800001,buy,740867228
'2025-05-21 19:36:59.526,107800,0.10714506,buy,740867229
'2025-05-21 19:36:59.532,107800,0.23367799,buy,740867230
'2025-05-21 19:36:59.544,107800,0.00599667,buy,740867231
'2025-05-21 19:36:59.562,107800,0.11090635,buy,740867232
'2025-05-21 19:36:59.570,107800,0.18013127,buy,740867233
'2025-05-21 19:36:59.576,107800,0.17728184,buy,740867234
'2025-05-21 19:36:59.579,107800,0.015202,buy,740867235
'2025-05-21 19:36:59.581,107800,0.07343644,buy,740867236
'2025-05-21 19:36:59.583,107800,0.13639556,buy,740867238
'2025-05-21 19:36:59.585,107800,0.01644001,buy,740867239
'2025-05-21 19:36:59.588,107800,0.17417616,buy,740867240
'2025-05-21 19:36:59.593,107800,0.15398389,buy,740867241
'2025-05-21 19:36:59.596,107800,0.08426871,buy,740867242
'2025-05-21 19:36:59.607,107800,0.02746556,buy,740867243
'2025-05-21 19:36:59.608,107800,0.00665,buy,740867244
'2025-05-21 19:36:59.608,107800,0.026,buy,740867245
'2025-05-21 19:36:59.609,107800,0.0121107,buy,740867246
'2025-05-21 19:36:59.611,107800,0.00364555,buy,740867247
'2025-05-21 19:36:59.612,107800,0.03368302,buy,740867248
'2025-05-21 19:36:59.619,107800,0.08847,buy,740867249
'2025-05-21 19:36:59.648,107800,0.07489,buy,740867250
'2025-05-21 19:36:59.648,107800,0.07774256,buy,740867251
'2025-05-21 19:36:59.656,107800,0.07617,buy,740867252
'2025-05-21 19:36:59.838,107799.9,0.00018481,sell,740867253
'2025-05-21 19:37:00.093,107800,0.54609099,buy,740867254
'2025-05-21 19:37:00.102,107800,0.98929971,buy,740867255
'2025-05-21 19:37:00.141,107800,0.50364,buy,740867256
'2025-05-21 19:37:00.147,107800,0.15523,buy,740867257
'2025-05-21 19:37:00.260,107800,0.21774,buy,740867258
'2025-05-21 19:37:00.263,107800,0.19369297,buy,740867259
'2025-05-21 19:37:00.263,107800,0.07230574,buy,740867260
'2025-05-21 19:37:00.263,107800,0.04361,buy,740867261
'2025-05-21 19:37:00.263,107800,0.08639,buy,740867262
'2025-05-21 19:37:00.263,107800,0.14569192,buy,740867263
'2025-05-21 19:37:00.263,107800,0.1365,buy,740867264
'2025-05-21 19:37:00.263,107800,0.2146,buy,740867265
'2025-05-21 19:37:00.263,107800,0.04217291,buy,740867266
'2025-05-21 19:37:00.263,107800,0.00019297,buy,740867267
'2025-05-21 19:37:00.263,107800,0.0011,buy,740867268
'2025-05-21 19:37:00.263,107800,0.3336,buy,740867269
'2025-05-21 19:37:00.263,107800,0.05086343,buy,740867270
'2025-05-21 19:37:00.263,107800,0.00215148,buy,740867271
'2025-05-21 19:37:00.263,107800,0.02365044,buy,740867272
'2025-05-21 19:37:00.263,107800,0.0001,buy,740867273
'2025-05-21 19:37:00.263,107800,0.2356,buy,740867274
'2025-05-21 19:37:00.263,107800,0.00019297,buy,740867275
'2025-05-21 19:37:00.263,107800,0.17452387,buy,740867276
'2025-05-21 19:37:00.263,107800,0.0006,buy,740867277
'2025-05-21 19:37:00.263,107800,0.01031513,buy,740867278
'2025-05-21 19:37:00.263,107800,0.10293631,buy,740867279
'2025-05-21 19:37:00.264,107800,0.0289,buy,740867280
'2025-05-21 19:37:00.264,107800,0.01103808,buy,740867281
'2025-05-21 19:37:00.264,107800,0.06975,buy,740867282
'2025-05-21 19:37:00.264,107800,0.0003,buy,740867283
'2025-05-21 19:37:00.264,107800,0.00905778,buy,740867284
'2025-05-21 19:37:00.265,107800,0.00012387,buy,740867285
'2025-05-21 19:37:00.265,107800,0.0003,buy,740867286
'2025-05-21 19:37:00.265,107800,0.06427,buy,740867287
'2025-05-21 19:37:00.265,107800,0.0164,buy,740867288
'2025-05-21 19:37:00.265,107800,0.0029,buy,740867289
'2025-05-21 19:37:00.265,107800,0.2304951,buy,740867290
'2025-05-21 19:37:00.265,107800,0.00022387,buy,740867291
'2025-05-21 19:37:00.265,107800,0.01282,buy,740867292
'2025-05-21 19:37:00.265,107800,0.00989343,buy,740867293
'2025-05-21 19:37:00.265,107800,0.1014,buy,740867294
'2025-05-21 19:37:00.265,107800,0.00185,buy,740867295
'2025-05-21 19:37:00.265,107800,0.00322387,buy,740867296
'2025-05-21 19:37:00.265,107800,0.12425311,buy,740867297
'2025-05-21 19:37:00.265,107800,0.00122387,buy,740867298
'2025-05-21 19:37:00.265,107800,0.03882177,buy,740867299
'2025-05-21 19:37:00.265,107800,0.07608036,buy,740867300
'2025-05-21 19:37:00.265,107800,0.0146327,buy,740867301
'2025-05-21 19:37:00.265,107800,0.01164536,buy,740867302
'2025-05-21 19:37:00.265,107800,0.01114299,buy,740867303
'2025-05-21 19:37:00.265,107800,0.04022173,buy,740867304
'2025-05-21 19:37:00.265,107800,0.01699069,buy,740867305
'2025-05-21 19:37:00.265,107800,0.03349508,buy,740867306
'2025-05-21 19:37:00.265,107800,0.02094209,buy,740867307
'2025-05-21 19:37:00.265,107800,0.00621462,buy,740867308
'2025-05-21 19:37:00.266,107800,0.01589464,buy,740867309
'2025-05-21 19:37:00.266,107800,0.04436564,buy,740867310
'2025-05-21 19:37:00.266,107800,0.02357763,buy,740867311
'2025-05-21 19:37:00.266,107800,0.01275956,buy,740867312
'2025-05-21 19:37:00.266,107800,0.01208961,buy,740867313
'2025-05-21 19:37:00.266,107800,0.01392385,buy,740867314
'2025-05-21 19:37:00.266,107800,0.1265525,buy,740867315
'2025-05-21 19:37:00.266,107800,0.01542609,buy,740867316
'2025-05-21 19:37:00.266,107800,0.0210942,buy,740867317
'2025-05-21 19:37:00.266,107800,0.00800349,buy,740867318
'2025-05-21 19:37:00.266,107800,0.0125329,buy,740867319
'2025-05-21 19:37:00.266,107800,0.01833141,buy,740867320
'2025-05-21 19:37:00.266,107800,0.00955171,buy,740867321
'2025-05-21 19:37:00.266,107800,0.0034,buy,740867322
'2025-05-21 19:37:00.266,107800,0.2288,buy,740867323
'2025-05-21 19:37:00.266,107800,0.02700731,buy,740867324
'2025-05-21 19:37:00.266,107800,0.12041,buy,740867325
'2025-05-21 19:37:00.266,107800,0.02191868,buy,740867326
'2025-05-21 19:37:00.266,107800,0.03333862,buy,740867327
'2025-05-21 19:37:00.266,107800,0.03717352,buy,740867328
'2025-05-21 19:37:00.266,107800,0.06147188,buy,740867329
'2025-05-21 19:37:00.266,107800,0.00467188,buy,740867330
'2025-05-21 19:37:00.266,107800,0.00329883,buy,740867331
'2025-05-21 19:37:00.266,107800,0.03357376,buy,740867332
'2025-05-21 19:37:00.266,107800,0.00017188,buy,740867333
'2025-05-21 19:37:00.266,107800,0.003632,buy,740867334
'2025-05-21 19:37:00.268,107800,0.00456664,buy,740867335
'2025-05-21 19:37:00.268,107800,0.0021016,buy,740867336
'2025-05-21 19:37:00.268,107800,0.00735903,buy,740867337
'2025-05-21 19:37:00.268,107800,0.00131935,buy,740867338
'2025-05-21 19:37:00.268,107800,0.00882015,buy,740867339
'2025-05-21 19:37:00.268,107800,0.0002,buy,740867340
'2025-05-21 19:37:00.268,107800,0.01320107,buy,740867341
'2025-05-21 19:37:00.269,107800,0.0409855,buy,740867342
'2025-05-21 19:37:00.269,107800,0.1315,buy,740867343
'2025-05-21 19:37:00.269,107800,0.13358,buy,740867344
'2025-05-21 19:37:00.270,107800,0.12723,buy,740867345
'2025-05-21 19:37:00.271,107800,0.25234366,buy,740867346
'2025-05-21 19:37:00.273,107800,0.06959,buy,740867347
'2025-05-21 19:37:00.273,107800,0.0851,buy,740867348
'2025-05-21 19:37:00.275,107800,0.3958,buy,740867349
'2025-05-21 19:37:00.277,107800,0.00216257,buy,740867350
'2025-05-21 19:37:00.277,107800,0.10537816,buy,740867351
'2025-05-21 19:37:00.278,107800,0.00126257,buy,740867352
'2025-05-21 19:37:00.281,107800,0.00937951,buy,740867353
'2025-05-21 19:37:00.296,107799.9,0.051999,sell,740867359
'2025-05-21 19:37:00.301,107800,0.31976132,buy,740867360
'2025-05-21 19:37:00.337,107800,0.28576918,buy,740867361
'2025-05-21 19:37:00.346,107799.9,0.00018313,sell,740867362
'2025-05-21 19:37:00.367,107800,0.36626681,buy,740867363
'2025-05-21 19:37:00.437,107800,0.60409861,buy,740867374
'2025-05-21 19:37:00.437,107800.2,0.00001232,buy,740867375
'2025-05-21 19:37:00.447,107800.7,0.00001652,buy,740867376
'2025-05-21 19:37:00.447,107800.9,0.00097644,buy,740867377
'2025-05-21 19:37:00.447,107801.1,0.00005806,buy,740867380
'2025-05-21 19:37:00.447,107801.2,0.00003197,buy,740867381
'2025-05-21 19:37:00.447,107801.3,0.0000403,buy,740867384
'2025-05-21 19:37:00.447,107801.6,0.00001086,buy,740867385
'2025-05-21 19:37:00.447,107801.8,0.00011754,buy,740867389
'2025-05-21 19:37:00.447,107802.1,0.0028375,buy,740867391
'2025-05-21 19:37:00.447,107802.2,0.00010045,buy,740867392
'2025-05-21 19:37:00.447,107802.4,0.00019367,buy,740867393
'2025-05-21 19:37:00.457,107802.6,0.00001095,buy,740867394
'2025-05-21 19:37:00.457,107803.5,0.00006854,buy,740867395
'2025-05-21 19:37:00.457,107803.6,0.00022551,buy,740867396
'2025-05-21 19:37:00.457,107803.7,0.00001002,buy,740867397
'2025-05-21 19:37:00.457,107803.8,0.00001648,buy,740867398
'2025-05-21 19:37:00.457,107803.9,0.00009234,buy,740867400
'2025-05-21 19:37:00.457,107804.8,0.0000616,buy,740867401
'2025-05-21 19:37:00.457,107804.9,0.00001763,buy,740867402
'2025-05-21 19:37:00.457,107805.5,0.00002004,buy,740867403
'2025-05-21 19:37:00.457,107805.8,0.00001386,buy,740867404
'2025-05-21 19:37:00.457,107805.9,0.00018377,buy,740867405
'2025-05-21 19:37:00.457,107806,0.00001069,buy,740867406
'2025-05-21 19:37:00.457,107806.2,0.00069291,buy,740867408
'2025-05-21 19:37:00.457,107806.3,0.0000332,buy,740867409
'2025-05-21 19:37:00.517,107806.4,0.00127624,buy,740867413
'2025-05-21 19:37:00.517,107806.4,0.00127624,buy,740867414
'2025-05-21 19:37:00.521,107806.4,0.00127624,buy,740867415
'2025-05-21 19:37:00.521,107806.4,0.00127624,buy,740867416
'2025-05-21 19:37:00.525,107806.4,0.00127624,buy,740867417
'2025-05-21 19:37:00.525,107806.4,0.00127624,buy,740867418
'2025-05-21 19:37:00.615,107806.3,0.000178,sell,740867419
'2025-05-21 19:37:00.767,107806.4,0.000025,buy,740867421
'2025-05-21 19:37:00.767,107806.5,0.00002187,buy,740867422
'2025-05-21 19:37:00.767,107806.7,0.00003951,buy,740867425
'2025-05-21 19:37:00.788,107806.9,0.00018458,buy,740867426
'2025-05-21 19:37:01.060,107806.9,0.00046,buy,740867427
'2025-05-21 19:37:01.210,107806.8,0.006641,sell,740867428
'2025-05-21 19:37:01.521,107806.9,0.00250392,buy,740867429
'2025-05-21 19:37:01.521,107807.3,0.00004096,buy,740867433
'2025-05-21 19:37:01.521,107807.4,0.00003472,buy,740867434
'2025-05-21 19:37:01.521,107807.7,0.00001278,buy,740867435
'2025-05-21 19:37:01.523,107807.9,0.00001616,buy,740867436
'2025-05-21 19:37:01.961,107808.1,0.00811441,buy,740867439
'2025-05-21 19:37:01.961,107808.2,0.00051582,buy,740867446
'2025-05-21 19:37:01.961,107808.6,0.0000305,buy,740867449
'2025-05-21 19:37:01.961,107808.8,0.00009297,buy,740867450
'2025-05-21 19:37:01.961,107809.5,0.02040391,buy,740867453
'2025-05-21 19:37:01.961,107809.8,0.00001002,buy,740867454
'2025-05-21 19:37:01.961,107810,0.00090567,buy,740867458
'2025-05-21 19:37:01.961,107810.4,0.00007419,buy,740867460
'2025-05-21 19:37:01.961,107810.5,0.002,buy,740867461
'2025-05-21 19:37:01.961,107810.7,0.00009312,buy,740867463
'2025-05-21 19:37:01.961,107810.8,0.00001018,buy,740867464
'2025-05-21 19:37:01.961,107810.9,0.00002037,buy,740867466
'2025-05-21 19:37:01.961,107811.5,0.00009726,buy,740867468
'2025-05-21 19:37:01.961,107811.8,0.00001168,buy,740867469
'2025-05-21 19:37:01.961,107812.3,0.00011122,buy,740867471
'2025-05-21 19:37:01.961,107812.5,0.00015615,buy,740867477
'2025-05-21 19:37:01.961,107812.6,0.00002732,buy,740867478
'2025-05-21 19:37:01.961,107813.3,0.00001255,buy,740867479
'2025-05-21 19:37:01.961,107813.5,0.00001674,buy,740867480
'2025-05-21 19:37:01.961,107813.8,0.00001026,buy,740867481
'2025-05-21 19:37:01.961,107814,0.01910062,buy,740867484
'2025-05-21 19:37:01.961,107814.2,0.00120436,buy,740867486
'2025-05-21 19:37:01.961,107814.3,0.00032538,buy,740867487
'2025-05-21 19:37:01.961,107814.5,0.00089,buy,740867488
'2025-05-21 19:37:01.961,107814.6,0.00058964,buy,740867498
'2025-05-21 19:37:01.961,107814.9,0.0000993,buy,740867500
'2025-05-21 19:37:01.961,107815.4,0.00031544,buy,740867501
'2025-05-21 19:37:01.961,107815.6,0.0001052,buy,740867502
'2025-05-21 19:37:01.961,107815.7,0.00001,buy,740867503
'2025-05-21 19:37:01.961,107815.9,0.00009502,buy,740867504
'2025-05-21 19:37:01.961,107816,0.00004839,buy,740867506
'2025-05-21 19:37:01.961,107816.2,0.00001108,buy,740867507
'2025-05-21 19:37:01.961,107816.3,0.00005453,buy,740867508
'2025-05-21 19:37:01.961,107816.4,0.00002512,buy,740867509
'2025-05-21 19:37:01.961,107816.5,0.001,buy,740867510
'2025-05-21 19:37:01.961,107816.6,0.00019865,buy,740867515
'2025-05-21 19:37:01.961,107816.9,0.00014244,buy,740867516
'2025-05-21 19:37:01.961,107817.9,0.0000443,buy,740867518
'2025-05-21 19:37:01.961,107818.1,0.00170297,buy,740867537
'2025-05-21 19:37:01.961,107818.4,0.00319393,buy,740867539
'2025-05-21 19:37:01.961,107818.8,0.00019406,buy,740867540
'2025-05-21 19:37:01.961,107819,0.00003289,buy,740867542
'2025-05-21 19:37:01.961,107819.1,0.00002031,buy,740867543
'2025-05-21 19:37:01.961,107819.2,0.00125222,buy,740867544
'2025-05-21 19:37:01.961,107819.3,0.00001,buy,740867545
'2025-05-21 19:37:01.961,107819.5,0.00001,buy,740867546
'2025-05-21 19:37:01.961,107819.9,0.00182,buy,740867547
'2025-05-21 19:37:01.961,107820,0.04267913,buy,740867553
'2025-05-21 19:37:01.961,107820.5,0.00008728,buy,740867556
'2025-05-21 19:37:01.961,107820.7,0.00003794,buy,740867557
'2025-05-21 19:37:01.961,107821.1,0.00036571,buy,740867559
'2025-05-21 19:37:01.961,107821.3,0.00434797,buy,740867560
'2025-05-21 19:37:01.961,107821.4,0.01358604,buy,740867562
'2025-05-21 19:37:01.961,107821.5,0.00005348,buy,740867563
'2025-05-21 19:37:01.961,107821.6,0.00004862,buy,740867564
'2025-05-21 19:37:01.961,107821.8,0.00003019,buy,740867566
'2025-05-21 19:37:01.961,107822,0.00014822,buy,740867567
'2025-05-21 19:37:01.961,107822.1,0.00024819,buy,740867568
'2025-05-21 19:37:01.961,107822.6,0.00004987,buy,740867569
'2025-05-21 19:37:01.961,107822.7,0.00006495,buy,740867571
'2025-05-21 19:37:01.961,107822.9,0.00001002,buy,740867572
'2025-05-21 19:37:01.961,107823,0.00001005,buy,740867573
'2025-05-21 19:37:01.961,107823.1,0.00001805,buy,740867574
'2025-05-21 19:37:01.961,107823.4,0.00004373,buy,740867576
'2025-05-21 19:37:01.961,107823.5,0.00147584,buy,740867579
'2025-05-21 19:37:01.961,107823.6,0.00004084,buy,740867583
'2025-05-21 19:37:01.961,107824.1,0.00013329,buy,740867588
'2025-05-21 19:37:01.961,107824.3,0.000548,buy,740867592
'2025-05-21 19:37:01.961,107824.5,0.00006192,buy,740867595
'2025-05-21 19:37:01.961,107824.8,0.00014568,buy,740867598
'2025-05-21 19:37:01.961,107825,0.0002727,buy,740867601
'2025-05-21 19:37:01.961,107825.3,0.00182,buy,740867602
'2025-05-21 19:37:01.961,107825.4,0.00052156,buy,740867605
'2025-05-21 19:37:01.961,107825.6,0.00001179,buy,740867606
'2025-05-21 19:37:01.961,107825.9,0.00006853,buy,740867608
'2025-05-21 19:37:01.961,107826,0.00054967,buy,740867612
'2025-05-21 19:37:01.961,107826.2,0.00001741,buy,740867613
'2025-05-21 19:37:01.961,107826.3,0.00545104,buy,740867614
'2025-05-21 19:37:01.961,107826.4,0.00002501,buy,740867616
'2025-05-21 19:37:01.961,107826.5,0.00001027,buy,740867617
'2025-05-21 19:37:01.961,107826.6,0.00002052,buy,740867618
'2025-05-21 19:37:01.961,107826.7,0.00001138,buy,740867619
'2025-05-21 19:37:01.961,107826.8,0.00002549,buy,740867621
'2025-05-21 19:37:01.961,107827,0.00002619,buy,740867622
'2025-05-21 19:37:01.961,107827.1,0.00002681,buy,740867624
'2025-05-21 19:37:01.961,107827.2,0.00005538,buy,740867629
'2025-05-21 19:37:01.961,107827.3,0.00005029,buy,740867631
'2025-05-21 19:37:01.961,107827.7,0.01855168,buy,740867632
'2025-05-21 19:37:01.972,107825.3,0.00005143,sell,740867633
'2025-05-21 19:37:01.973,107826,0.00001854,buy,740867634
'2025-05-21 19:37:01.986,107827.9,0.00007301,buy,740867635
'2025-05-21 19:37:01.986,107828,0.00036699,buy,740867641
'2025-05-21 19:37:01.988,107828,0.03464675,buy,740867643
'2025-05-21 19:37:01.988,107828.3,0.00002008,buy,740867644
'2025-05-21 19:37:01.988,107828.4,0.00476757,buy,740867645
'2025-05-21 19:37:01.988,107828.5,0.00002861,buy,740867646
'2025-05-21 19:37:01.988,107828.7,0.00009295,buy,740867647
'2025-05-21 19:37:01.988,107828.9,0.00002352,buy,740867649
'2025-05-21 19:37:01.991,107829.6,0.00001011,buy,740867650
'2025-05-21 19:37:01.991,107829.9,0.01715239,buy,740867654
'2025-05-21 19:37:01.991,107830,0.00088848,buy,740867659
'2025-05-21 19:37:01.991,107830.2,0.00030533,buy,740867660
'2025-05-21 19:37:01.991,107830.4,0.00001104,buy,740867661
'2025-05-21 19:37:01.991,107830.5,0.00009279,buy,740867662
'2025-05-21 19:37:01.991,107830.9,0.00927584,buy,740867663
'2025-05-21 19:37:01.991,107831,0.00001385,buy,740867664
'2025-05-21 19:37:01.991,107831.2,0.00001012,buy,740867665
'2025-05-21 19:37:01.991,107831.3,0.00001,buy,740867666
'2025-05-21 19:37:01.991,107831.5,0.00009171,buy,740867667
'2025-05-21 19:37:01.991,107831.7,0.00191275,buy,740867670
'2025-05-21 19:37:01.991,107831.9,0.00002799,buy,740867672
'2025-05-21 19:37:01.991,107832.1,0.00001154,buy,740867673
'2025-05-21 19:37:01.991,107832.2,0.00005924,buy,740867674
'2025-05-21 19:37:01.991,107832.5,0.00001085,buy,740867675
'2025-05-21 19:37:01.991,107832.6,0.000011,buy,740867676
'2025-05-21 19:37:01.991,107832.7,0.0000102,buy,740867677
'2025-05-21 19:37:01.991,107832.8,0.01121325,buy,740867678
'2025-05-21 19:37:01.991,107833.1,0.00012293,buy,740867682
'2025-05-21 19:37:01.991,107833.3,0.05625036,buy,740867691
'2025-05-21 19:37:01.995,107832.2,0.00115,buy,740867692
'2025-05-21 19:37:01.995,107832.2,0.00153,buy,740867693
'2025-05-21 19:37,107832.2,0.01372,buy,740867694
'2025-05-21 19:37,107833.6,0.00008905,buy,740867696
'2025-05-21 19:37,107833.8,0.00115382,buy,740867700
'2025-05-21 19:37,107833.9,0.0000128,buy,740867701
'2025-05-21 19:37,107834.1,0.00027433,buy,740867702
'2025-05-21 19:37:02.003,107833.6,0.00465,buy,740867703
'2025-05-21 19:37:02.007,107834.1,0.0012568,buy,740867704
'2025-05-21 19:37:02.007,107834.4,0.00001254,buy,740867705
'2025-05-21 19:37:02.007,107835,0.00001408,buy,740867706
'2025-05-21 19:37:02.007,107835.5,0.00001059,buy,740867707
'2025-05-21 19:37:02.007,107835.6,0.00001014,buy,740867708
'2025-05-21 19:37:02.007,107836,0.00463667,buy,740867709
'2025-05-21 19:37:02.013,107836,0.02563,buy,740867711
'2025-05-21 19:37:02.014,107836,0.01387,buy,740867712
'2025-05-21 19:37:02.014,107836,0.00939,buy,740867714
'2025-05-21 19:37:02.016,107836.1,0.00018903,buy,740867716
'2025-05-21 19:37:02.016,107836.2,0.0001408,buy,740867717
'2025-05-21 19:37:02.016,107836.3,0.00065017,buy,740867722
'2025-05-21 19:37:02.019,107836.3,0.00776,buy,740867723
'2025-05-21 19:37:02.020,107836.3,0.00032,buy,740867724
'2025-05-21 19:37:02.021,107836.3,0.00066,buy,740867725
'2025-05-21 19:37:02.021,107836.3,0.00098,buy,740867727
'2025-05-21 19:37:02.025,107836.3,0.00098,buy,740867728
'2025-05-21 19:37:02.077,107836.2,0.0128,sell,740867733
'2025-05-21 19:37:02.208,107836.2,0.001174,sell,740867734
'2025-05-21 19:37:02.602,107836.2,0.00035125,sell,740867736
'2025-05-21 19:37:02.607,107836.2,0.03417912,sell,740867738
'2025-05-21 19:37:02.607,107836.2,0.20005602,sell,740867739
'2025-05-21 19:37:02.608,107836.2,0.17702513,sell,740867742
'2025-05-21 19:37:02.617,107830,0.00001,sell,740867743
'2025-05-21 19:37:02.750,107822.2,0.14505101,sell,740867745
'2025-05-21 19:37:02.751,107822.2,0.14196498,sell,740867748
'2025-05-21 19:37:02.777,107822.2,0.05355355,sell,740867749
'2025-05-21 19:37:02.777,107822.2,0.07169585,sell,740867750
'2025-05-21 19:37:02.787,107820,0.00080242,sell,740867753
'2025-05-21 19:37:03.398,107818,0.10458557,sell,740867758
'2025-05-21 19:37:03.398,107818,0.16416217,sell,740867759
'2025-05-21 19:37:03.398,107818,0.17663472,sell,740867760
'2025-05-21 19:37:03.398,107817,0.01,sell,740867761
'2025-05-21 19:37:03.400,107815.8,0.0164,sell,740867762
'2025-05-21 19:37:03.417,107810,0.00080242,sell,740867765
'2025-05-21 19:37:03.692,107807.7,0.0000465,sell,740867766
'2025-05-21 19:37:04.213,107807.7,0.003622,sell,740867767
'2025-05-21 19:37:04.273,107807.7,0.1161588,sell,740867770
'2025-05-21 19:37:04.273,107807.1,0.00741634,sell,740867771
'2025-05-21 19:37:04.277,107806.3,0.00022347,sell,740867772
'2025-05-21 19:37:04.411,107804.1,0.00093,buy,740867774
'2025-05-21 19:37:04.630,107804,0.005,sell,740867775
'2025-05-21 19:37:04.712,107804.1,0.00193431,buy,740867776
'2025-05-21 19:37:04.776,107804,0.02,sell,740867778
'2025-05-21 19:37:04.787,107804,0.00018,sell,740867779
'2025-05-21 19:37:04.851,107800,0.001,sell,740867783
'2025-05-21 19:37:05.285,107800.1,0.00090034,buy,740867784
'2025-05-21 19:37:05.410,107800,0.00058632,sell,740867785
'2025-05-21 19:37:05.581,107800.1,0.00004636,buy,740867786
'2025-05-21 19:37:05.587,107804.1,0.00004638,buy,740867787
'2025-05-21 19:37:05.832,107807.8,0.00736034,buy,740867795
'2025-05-21 19:37:05.838,107809.5,0.0005,buy,740867796
'2025-05-21 19:37:06.862,107810,0.00384218,buy,740867800
'2025-05-21 19:37:06.867,107818.1,0.00089,buy,740867801
'2025-05-21 19:37:06.945,107820,0.02860242,buy,740867805
'2025-05-21 19:37:06.945,107822,0.0185,buy,740867806
'2025-05-21 19:37:06.945,107822.8,0.00001,buy,740867807
'2025-05-21 19:37:06.945,107824,0.0185,buy,740867808
'2025-05-21 19:37:06.945,107826.1,0.00088758,buy,740867809
'2025-05-21 19:37:06.945,107826.1,0.00000242,buy,740867810
'2025-05-21 19:37:06.950,107826.6,0.06023874,buy,740867811
'2025-05-21 19:37:06.950,107826.6,0.05220457,buy,740867812
'2025-05-21 19:37:06.954,107826.6,0.13071122,buy,740867813
'2025-05-21 19:37:06.954,107829.9,0.01237869,buy,740867815
'2025-05-21 19:37:06.957,107830,0.00080243,buy,740867819
'2025-05-21 19:37:06.957,107830,0.00080243,buy,740867820
'2025-05-21 19:37:06.968,107833.5,0.00026028,buy,740867821
'2025-05-21 19:37:06.969,107833.5,0.00026028,buy,740867822
'2025-05-21 19:37:06.974,107833.5,0.00001001,buy,740867823
'2025-05-21 19:37:06.974,107833.5,0.00001001,buy,740867824
'2025-05-21 19:37:07.379,107833.5,0.22018277,buy,740867827
'2025-05-21 19:37:07.379,107836,0.0185,buy,740867828
'2025-05-21 19:37:07.379,107836.3,0.05100322,buy,740867832
'2025-05-21 19:37:07.379,107836.4,0.00003592,buy,740867833
'2025-05-21 19:37:07.379,107837,0.00003512,buy,740867834
'2025-05-21 19:37:07.379,107837.1,0.00098136,buy,740867847
'2025-05-21 19:37:07.379,107837.5,0.00002042,buy,740867848
'2025-05-21 19:37:07.379,107837.8,0.00209608,buy,740867849
'2025-05-21 19:37:07.379,107837.9,0.00090295,buy,740867851
'2025-05-21 19:37:07.379,107838,0.01851783,buy,740867853
'2025-05-21 19:37:07.379,107838.1,0.00001191,buy,740867854
'2025-05-21 19:37:07.379,107838.2,0.00001125,buy,740867855
'2025-05-21 19:37:07.379,107838.3,0.00007842,buy,740867857
'2025-05-21 19:37:07.379,107838.4,0.0001041,buy,740867859
'2025-05-21 19:37:07.379,107838.5,0.0000743,buy,740867861
'2025-05-21 19:37:07.379,107838.7,0.00004309,buy,740867862
'2025-05-21 19:37:07.379,107838.8,0.00021862,buy,740867865
'2025-05-21 19:37:07.379,107838.9,0.00131312,buy,740867877
'2025-05-21 19:37:07.379,107839.3,0.00009,buy,740867878
'2025-05-21 19:37:07.379,107839.6,0.00090746,buy,740867880
'2025-05-21 19:37:07.379,107839.8,0.00002737,buy,740867881
'2025-05-21 19:37:07.379,107839.9,0.00039733,buy,740867883
'2025-05-21 19:37:07.379,107840,0.00324886,buy,740867899
'2025-05-21 19:37:07.379,107840.4,0.00021617,buy,740867901
'2025-05-21 19:37:07.379,107840.5,0.00001023,buy,740867902
'2025-05-21 19:37:07.379,107840.6,0.00034741,buy,740867904
'2025-05-21 19:37:07.379,107840.8,0.00001021,buy,740867905
'2025-05-21 19:37:07.379,107840.9,0.00011806,buy,740867906
'2025-05-21 19:37:07.379,107841.4,0.00332452,buy,740867909
'2025-05-21 19:37:07.379,107841.6,0.00090051,buy,740867911
'2025-05-21 19:37:07.379,107841.9,0.0000261,buy,740867912
'2025-05-21 19:37:07.379,107842.1,0.00027259,buy,740867915
'2025-05-21 19:37:07.379,107842.4,0.00022979,buy,740867917
'2025-05-21 19:37:07.382,107842.6,0.00024649,buy,740867919
'2025-05-21 19:37:07.382,107842.9,0.0001279,buy,740867929
'2025-05-21 19:37:07.382,107843.1,0.00003192,buy,740867930
'2025-05-21 19:37:07.382,107843.3,0.00002667,buy,740867931
'2025-05-21 19:37:07.382,107843.9,0.00001366,buy,740867932
'2025-05-21 19:37:07.382,107844.1,0.00001141,buy,740867933
'2025-05-21 19:37:07.382,107844.2,0.00001,buy,740867934
'2025-05-21 19:37:07.382,107844.3,0.00017736,buy,740867936
'2025-05-21 19:37:07.382,107845,0.00010325,buy,740867937
'2025-05-21 19:37:07.382,107845.2,0.0000221,buy,740867938
'2025-05-21 19:37:07.382,107845.3,0.00001651,buy,740867939
'2025-05-21 19:37:07.382,107845.5,0.00006447,buy,740867940
'2025-05-21 19:37:07.382,107845.7,0.0000551,buy,740867941
'2025-05-21 19:37:07.382,107845.8,0.00005035,buy,740867944
'2025-05-21 19:37:07.382,107845.9,0.00013037,buy,740867945
'2025-05-21 19:37:07.382,107846.1,0.00012606,buy,740867948
'2025-05-21 19:37:07.382,107846.5,0.00005567,buy,740867949
'2025-05-21 19:37:07.382,107846.6,0.00067037,buy,740867954
'2025-05-21 19:37:07.383,107846.7,0.00007797,buy,740867958
'2025-05-21 19:37:07.383,107846.8,0.00001005,buy,740867959
'2025-05-21 19:37:07.383,107847,0.00285563,buy,740867961
'2025-05-21 19:37:07.383,107847.7,0.00025051,buy,740867964
'2025-05-21 19:37:07.383,107848.6,0.00010078,buy,740867968
'2025-05-21 19:37:07.383,107849.2,0.00065089,buy,740867970
'2025-05-21 19:37:07.383,107849.3,0.00001016,buy,740867971
'2025-05-21 19:37:07.383,107849.4,0.00127075,buy,740867977
'2025-05-21 19:37:07.383,107849.5,0.00001045,buy,740867978
'2025-05-21 19:37:07.383,107849.8,0.00001215,buy,740867979
'2025-05-21 19:37:07.383,107849.9,0.00087507,buy,740867980
'2025-05-21 19:37:07.383,107850,0.03618483,buy,740868002
'2025-05-21 19:37:07.383,107851.2,0.00002046,buy,740868004
'2025-05-21 19:37:07.383,107851.3,0.00003846,buy,740868006
'2025-05-21 19:37:07.383,107851.4,0.00004559,buy,740868007
'2025-05-21 19:37:07.383,107851.7,0.00017157,buy,740868012
'2025-05-21 19:37:07.383,107852.4,0.00253729,buy,740868014
'2025-05-21 19:37:07.383,107852.6,0.00002984,buy,740868015
'2025-05-21 19:37:07.383,107852.9,0.00004818,buy,740868018
'2025-05-21 19:37:07.383,107853,0.00152197,buy,740868019
'2025-05-21 19:37:07.383,107853.1,0.00434283,buy,740868022
'2025-05-21 19:37:07.383,107853.2,0.00003068,buy,740868023
'2025-05-21 19:37:07.383,107853.3,0.00030069,buy,740868025
'2025-05-21 19:37:07.383,107853.7,0.00001626,buy,740868026
'2025-05-21 19:37:07.383,107853.9,0.00230222,buy,740868027
'2025-05-21 19:37:07.383,107854.4,0.0000323,buy,740868028
'2025-05-21 19:37:07.383,107854.5,0.00026532,buy,740868030
'2025-05-21 19:37:07.383,107854.8,0.00023678,buy,740868032
'2025-05-21 19:37:07.383,107854.9,0.00001,buy,740868033
'2025-05-21 19:37:07.383,107855,0.01009424,buy,740868035
'2025-05-21 19:37:07.383,107855.1,0.00012269,buy,740868036
'2025-05-21 19:37:07.383,107855.2,0.00028302,buy,740868037
'2025-05-21 19:37:07.383,107855.5,0.00375056,buy,740868039
'2025-05-21 19:37:07.383,107855.6,0.00003073,buy,740868041
'2025-05-21 19:37:07.383,107856.2,0.0006382,buy,740868043
'2025-05-21 19:37:07.383,107856.5,0.00861037,buy,740868045
'2025-05-21 19:37:07.383,107856.6,0.00138119,buy,740868047
'2025-05-21 19:37:07.383,107856.8,0.00029761,buy,740868048
'2025-05-21 19:37:07.383,107857.1,0.02469435,buy,740868082
'2025-05-21 19:37:07.383,107857.5,0.00001161,buy,740868083
'2025-05-21 19:37:07.383,107857.8,0.0037,buy,740868084
'2025-05-21 19:37:07.383,107857.9,0.0000166,buy,740868085
'2025-05-21 19:37:07.383,107858.1,0.00014457,buy,740868088
'2025-05-21 19:37:07.383,107858.6,0.00078285,buy,740868089
'2025-05-21 19:37:07.383,107858.9,0.00001102,buy,740868090
'2025-05-21 19:37:07.383,107859,0.00003268,buy,740868091
'2025-05-21 19:37:07.383,107859.1,0.00012586,buy,740868094
'2025-05-21 19:37:07.383,107859.3,0.0001087,buy,740868095
'2025-05-21 19:37:07.383,107859.4,0.00553763,buy,740868099
'2025-05-21 19:37:07.383,107859.5,0.00001004,buy,740868100
'2025-05-21 19:37:07.383,107859.6,0.00006425,buy,740868102
'2025-05-21 19:37:07.383,107859.7,0.00004971,buy,740868104
'2025-05-21 19:37:07.383,107859.8,0.00001026,buy,740868105
'2025-05-21 19:37:07.383,107859.9,0.00006,buy,740868106
'2025-05-21 19:37:07.383,107860,0.00129835,buy,740868111
'2025-05-21 19:37:07.383,107860.6,0.00915405,buy,740868112
'2025-05-21 19:37:07.383,107860.6,0.02216096,buy,740868113
'2025-05-21 19:37:07.383,107861,0.0046453,buy,740868114
'2025-05-21 19:37:07.383,107861.1,0.00003062,buy,740868115
'2025-05-21 19:37:07.383,107862,0.0002731,buy,740868120
'2025-05-21 19:37:07.383,107862.1,0.02177585,buy,740868133
'2025-05-21 19:37:07.384,107862.1,0.03118009,buy,740868134
'2025-05-21 19:37:07.384,107862.3,0.00021007,buy,740868136
'2025-05-21 19:37:07.384,107862.7,0.06,buy,740868138
'2025-05-21 19:37:07.384,107862.8,0.00013447,buy,740868140
'2025-05-21 19:37:07.384,107862.9,0.00040554,buy,740868141
'2025-05-21 19:37:07.384,107863.6,0.00005495,buy,740868142
'2025-05-21 19:37:07.384,107863.7,0.00001,buy,740868143
'2025-05-21 19:37:07.384,107864.1,0.00483874,buy,740868144
'2025-05-21 19:37:07.384,107864.4,0.00001293,buy,740868145
'2025-05-21 19:37:07.384,107864.5,0.00001037,buy,740868146
'2025-05-21 19:37:07.384,107864.7,0.02809771,buy,740868147
'2025-05-21 19:37:07.384,107864.8,0.0069753,buy,740868151
'2025-05-21 19:37:07.384,107864.8,0.02089437,buy,740868152
'2025-05-21 19:37:07.384,107865.4,0.00059626,buy,740868153
'2025-05-21 19:37:07.384,107865.5,0.00017762,buy,740868155
'2025-05-21 19:37:07.384,107865.8,0.13680707,buy,740868157
'2025-05-21 19:37:07.384,107866,0.00202817,buy,740868164
'2025-05-21 19:37:07.384,107866.1,0.00003227,buy,740868165
'2025-05-21 19:37:07.384,107866.3,0.00010283,buy,740868166
'2025-05-21 19:37:07.384,107866.4,0.00010281,buy,740868167
'2025-05-21 19:37:07.384,107866.6,0.07454072,buy,740868186
'2025-05-21 19:37:07.384,107866.8,0.036,buy,740868187
'2025-05-21 19:37:07.384,107866.9,0.00002026,buy,740868188
'2025-05-21 19:37:07.384,107867,0.03301732,buy,740868190
'2025-05-21 19:37:07.384,107867.1,0.00021594,buy,740868191
'2025-05-21 19:37:07.384,107867.2,0.042,buy,740868192
'2025-05-21 19:37:07.384,107867.3,0.0004918,buy,740868196
'2025-05-21 19:37:07.384,107867.4,0.00022523,buy,740868198
'2025-05-21 19:37:07.384,107867.7,0.0092678,buy,740868199
'2025-05-21 19:37:07.385,107868.5,0.00003007,buy,740868201
'2025-05-21 19:37:07.385,107868.7,0.00043505,buy,740868204
'2025-05-21 19:37:07.385,107868.8,0.00008257,buy,740868209
'2025-05-21 19:37:07.385,107869,0.03016219,buy,740868210
'2025-05-21 19:37:07.386,107869,0.00583781,buy,740868211
'2025-05-21 19:37:07.386,107869.1,0.00001,buy,740868212
'2025-05-21 19:37:07.386,107869.2,0.00001238,buy,740868213
'2025-05-21 19:37:07.386,107869.4,0.00374085,buy,740868215
'2025-05-21 19:37:07.386,107869.5,0.00013538,buy,740868217
'2025-05-21 19:37:07.387,107869.8,0.00045368,buy,740868218
'2025-05-21 19:37:07.387,107869.9,0.00014011,buy,740868220
'2025-05-21 19:37:07.387,107870,0.00079242,buy,740868222
'2025-05-21 19:37:07.387,107870.3,0.00022398,buy,740868228
'2025-05-21 19:37:07.387,107870.6,0.0243521,buy,740868231
'2025-05-21 19:37:07.387,107870.6,0.01575721,buy,740868232
'2025-05-21 19:37:07.387,107870.8,0.00696574,buy,740868233
'2025-05-21 19:37:07.389,107870.8,0.02113039,buy,740868234
'2025-05-21 19:37:07.389,107870.9,0.00057907,buy,740868235
'2025-05-21 19:37:07.389,107871.1,0.01077538,buy,740868236
'2025-05-21 19:37:07.389,107871.5,0.00020396,buy,740868240
'2025-05-21 19:37:07.389,107871.9,0.00001623,buy,740868241
'2025-05-21 19:37:07.389,107872.2,0.00077365,buy,740868242
'2025-05-21 19:37:07.389,107872.2,0.00443544,buy,740868244
'2025-05-21 19:37:07.389,107872.4,0.00005979,buy,740868246
'2025-05-21 19:37:07.389,107872.6,0.00039542,buy,740868250
'2025-05-21 19:37:07.389,107873,0.00032134,buy,740868251
'2025-05-21 19:37:07.390,107873,0.04502194,buy,740868252
'2025-05-21 19:37:07.390,107873.3,0.00009556,buy,740868253
'2025-05-21 19:37:07.390,107873.6,0.00011977,buy,740868254
'2025-05-21 19:37:07.390,107874,0.0030913,buy,740868257
'2025-05-21 19:37:07.390,107874.1,0.00010094,buy,740868258
'2025-05-21 19:37:07.390,107874.2,0.00772839,buy,740868263
'2025-05-21 19:37:07.390,107874.8,0.00002113,buy,740868265
'2025-05-21 19:37:07.390,107874.9,0.00003687,buy,740868266
'2025-05-21 19:37:07.390,107875,0.0005418,buy,740868274
'2025-05-21 19:37:07.390,107875.1,0.00001526,buy,740868275
'2025-05-21 19:37:07.390,107875.6,0.00004743,buy,740868277
'2025-05-21 19:37:07.390,107875.8,0.00001038,buy,740868278
'2025-05-21 19:37:07.390,107876,0.00003432,buy,740868279
'2025-05-21 19:37:07.390,107876.2,0.00001,buy,740868280
'2025-05-21 19:37:07.390,107876.4,0.00003284,buy,740868282
'2025-05-21 19:37:07.390,107876.6,0.00294907,buy,740868283
'2025-05-21 19:37:07.390,107876.8,0.00003953,buy,740868284
'2025-05-21 19:37:07.391,107857.1,0.08079,buy,740868285
'2025-05-21 19:37:07.392,107877,0.0001047,buy,740868286
'2025-05-21 19:37:07.392,107877.6,0.00054307,buy,740868287
'2025-05-21 19:37:07.392,107878.1,0.00002183,buy,740868288
'2025-05-21 19:37:07.392,107878.5,0.00011763,buy,740868289
'2025-05-21 19:37:07.392,107878.6,0.00264615,buy,740868292
'2025-05-21 19:37:07.392,107878.7,0.00043192,buy,740868298
'2025-05-21 19:37:07.393,107878.9,0.00005838,buy,740868299
'2025-05-21 19:37:07.393,107879,0.00003345,buy,740868301
'2025-05-21 19:37:07.393,107879.6,0.00006201,buy,740868302
'2025-05-21 19:37:07.393,107879.8,0.00001,buy,740868303
'2025-05-21 19:37:07.393,107879.9,0.000531,buy,740868310
'2025-05-21 19:37:07.393,107880,0.02081216,buy,740868322
'2025-05-21 19:37:07.393,107880.2,0.00002206,buy,740868323
'2025-05-21 19:37:07.393,107880.3,0.0001922,buy,740868324
'2025-05-21 19:37:07.393,107880.8,0.00003004,buy,740868325
'2025-05-21 19:37:07.393,107881,0.00006516,buy,740868328
'2025-05-21 19:37:07.393,107881.1,0.00007272,buy,740868330
'2025-05-21 19:37:07.393,107881.4,0.00191,buy,740868332
'2025-05-21 19:37:07.393,107881.6,0.00002057,buy,740868333
'2025-05-21 19:37:07.393,107881.9,0.00001018,buy,740868334
'2025-05-21 19:37:07.393,107882.1,0.0001015,buy,740868335
'2025-05-21 19:37:07.393,107882.3,0.00188013,buy,740868342
'2025-05-21 19:37:07.393,107882.4,0.00020318,buy,740868345
'2025-05-21 19:37:07.393,107882.5,0.00007128,buy,740868347
'2025-05-21 19:37:07.393,107882.6,0.00001212,buy,740868348
'2025-05-21 19:37:07.393,107883.1,0.00036728,buy,740868349
'2025-05-21 19:37:07.393,107883.3,0.00095575,buy,740868352
'2025-05-21 19:37:07.393,107883.4,0.00127781,buy,740868363
'2025-05-21 19:37:07.393,107883.5,0.00307093,buy,740868366
'2025-05-21 19:37:07.393,107883.6,0.00002072,buy,740868368
'2025-05-21 19:37:07.393,107884,0.00019774,buy,740868371
'2025-05-21 19:37:07.393,107884.1,0.00001389,buy,740868372
'2025-05-21 19:37:07.393,107884.3,0.00111812,buy,740868377
'2025-05-21 19:37:07.393,107884.4,0.00070967,buy,740868378
