ts,price,size,side,trade_id
'2025-05-21 19:35:30.112,0.22755,183.173493,buy,349239994
'2025-05-21 19:35:30.770,0.22757,26.452187,buy,349239995
'2025-05-21 19:35:30.782,0.22759,15,buy,349239996
'2025-05-21 19:35:30.938,0.22759,191,sell,349239999
'2025-05-21 19:35:30.984,0.2276,10,buy,349240000
'2025-05-21 19:35:31.022,0.22765,10.000001,buy,349240002
'2025-05-21 19:35:31.022,0.22765,10.000001,buy,349240003
'2025-05-21 19:35:31.028,0.22765,10.000001,buy,349240004
'2025-05-21 19:35:31.028,0.22765,10.000001,buy,349240005
'2025-05-21 19:35:31.104,0.22763,2196.450535,sell,349240006
'2025-05-21 19:35:32.175,0.2276,10,sell,349240007
'2025-05-21 19:35:32.175,0.22759,990,sell,349240008
'2025-05-21 19:35:32.175,0.22759,2000,sell,349240009
'2025-05-21 19:35:32.176,0.22759,2190,sell,349240010
'2025-05-21 19:35:33.312,0.2276,10,buy,349240011
'2025-05-21 19:35:35.023,0.22759,26.588631,buy,349240012
'2025-05-21 19:35:35.023,0.2276,10,buy,349240013
'2025-05-21 19:35:35.351,0.2276,293.77863,sell,349240015
'2025-05-21 19:35:37.265,0.22758,212.679327,buy,349240016
'2025-05-21 19:35:37.272,0.2276,10,buy,349240017
'2025-05-21 19:35:38.302,0.22763,15,buy,349240018
'2025-05-21 19:35:38.403,0.22764,3585,sell,349240019
'2025-05-21 19:35:38.477,0.22761,1000,sell,349240020
'2025-05-21 19:35:38.477,0.2276,2000,sell,349240022
'2025-05-21 19:35:42.651,0.22763,878.618811,buy,349240023
'2025-05-21 19:35:43.343,0.2276,11531.463902,sell,349240025
'2025-05-21 19:35:43.360,0.2276,23290.425872,sell,349240026
'2025-05-21 19:35:43.360,0.2276,52905.049996,sell,349240027
'2025-05-21 19:35:43.361,0.2276,6377.444898,sell,349240028
'2025-05-21 19:35:43.361,0.2276,62365.974199,sell,349240029
'2025-05-21 19:35:43.361,0.2276,13582.026236,sell,349240030
'2025-05-21 19:35:43.361,0.2276,6333.019784,sell,349240031
'2025-05-21 19:35:43.361,0.2276,21040.559869,sell,349240032
'2025-05-21 19:35:43.364,0.22756,15,sell,349240033
'2025-05-21 19:35:43.364,0.22755,1985,sell,349240034
'2025-05-21 19:35:43.364,0.22755,1000,sell,349240035
'2025-05-21 19:35:43.922,0.22759,15,buy,349240036
'2025-05-21 19:35:43.983,0.2276,10,buy,349240037
'2025-05-21 19:35:44.802,0.22763,15,buy,349240038
'2025-05-21 19:35:47.001,0.22762,674,sell,349240039
'2025-05-21 19:35:47.562,0.22761,15902,sell,349240040
'2025-05-21 19:35:47.562,0.2276,2424.686742,sell,349240043
'2025-05-21 19:35:48.172,0.2276,87.815587,buy,349240044
'2025-05-21 19:35:53.920,0.2275,1018.2368,sell,349240045
'2025-05-21 19:35:55.042,0.2275,3375.43631,sell,349240046
'2025-05-21 19:35:59.129,0.22746,302.58202,sell,349240048
'2025-05-21 19:35:59.141,0.22745,1679.50129,sell,349240050
'2025-05-21 19:35:59.143,0.22745,0.000008,sell,349240051
'2025-05-21 19:36:01.007,0.22742,4363,buy,349240052
'2025-05-21 19:36:01.007,0.22742,1332.946118,buy,349240053
'2025-05-21 19:36:01.055,0.22745,10,buy,349240054
'2025-05-21 19:36:01.509,0.22748,5641.033231,buy,349240055
'2025-05-21 19:36:01.515,0.2275,10,buy,349240056
'2025-05-21 19:36:02.537,0.22755,293,buy,349240058
'2025-05-21 19:36:02.542,0.22755,0.317813,buy,349240059
'2025-05-21 19:36:02.542,0.22759,15,buy,349240060
'2025-05-21 19:36:02.963,0.22757,1164.849813,sell,349240061
'2025-05-21 19:36:02.963,0.22756,170.412892,sell,349240063
'2025-05-21 19:36:03.982,0.22755,10,sell,349240064
'2025-05-21 19:36:04.087,0.22755,10,buy,349240065
'2025-05-21 19:36:06.366,0.2276,4305.043064,buy,349240066
'2025-05-21 19:36:06.534,0.2276,14966.730233,buy,349240067
'2025-05-21 19:36:06.535,0.2276,60139.946922,buy,349240068
'2025-05-21 19:36:06.536,0.2276,24053.988287,buy,349240069
'2025-05-21 19:36:06.536,0.2276,26972.058932,buy,349240070
'2025-05-21 19:36:06.536,0.2276,4366,buy,349240071
'2025-05-21 19:36:06.537,0.2276,10600.730233,buy,349240073
'2025-05-21 19:36:06.562,0.22765,10,buy,349240074
'2025-05-21 19:36:07.042,0.22767,4998.418277,buy,349240077
'2025-05-21 19:36:07.303,0.2277,119,buy,349240079
'2025-05-21 19:36:07.305,0.2277,0.172808,buy,349240080
'2025-05-21 19:36:07.542,0.22775,10,buy,349240081
'2025-05-21 19:36:08.328,0.22778,4092.3888,buy,349240082
'2025-05-21 19:36:08.332,0.2278,10,buy,349240083
'2025-05-21 19:36:10.063,0.2278,3056.177829,sell,349240085
'2025-05-21 19:36:10.764,0.2278,10,buy,349240086
'2025-05-21 19:36:11.088,0.22782,2056.489438,sell,349240087
'2025-05-21 19:36:11.274,0.22785,7323.060654,buy,349240090
'2025-05-21 19:36:11.274,0.22788,5709.119975,buy,349240092
'2025-05-21 19:36:12.221,0.22789,168.571794,buy,349240094
'2025-05-21 19:36:12.221,0.2279,2545.400606,buy,349240098
'2025-05-21 19:36:12.269,0.2279,98,buy,349240101
'2025-05-21 19:36:12.882,0.22791,112.087363,buy,349240104
'2025-05-21 19:36:12.882,0.22792,348.336342,buy,349240110
'2025-05-21 19:36:12.882,0.22793,999.654788,buy,349240117
'2025-05-21 19:36:13.868,0.22793,1939.963387,sell,349240118
'2025-05-21 19:36:14.260,0.22793,43,sell,349240119
'2025-05-21 19:36:14.266,0.22793,399.83246,sell,349240120
'2025-05-21 19:36:15.348,0.22791,7038.217361,buy,349240121
'2025-05-21 19:36:17.342,0.22791,26.385541,sell,349240122
'2025-05-21 19:36:17.978,0.22794,890.608522,buy,349240127
'2025-05-21 19:36:17.980,0.22795,359.41911,buy,349240130
'2025-05-21 19:36:17.980,0.22796,2358.355811,buy,349240135
'2025-05-21 19:36:18.052,0.22796,1858.536374,sell,349240136
'2025-05-21 19:36:18.241,0.22797,54.414446,buy,349240139
'2025-05-21 19:36:18.344,0.22798,1171,sell,349240140
'2025-05-21 19:36:18.376,0.22799,333.501099,buy,349240149
'2025-05-21 19:36:18.453,0.228,403.93703,buy,349240157
'2025-05-21 19:36:18.453,0.228,6860.169295,buy,349240220
'2025-05-21 19:36:18.453,0.228,3053.284532,buy,349240222
'2025-05-21 19:36:18.456,0.22801,10.769961,buy,349240223
'2025-05-21 19:36:18.490,0.22802,433.606218,buy,349240226
'2025-05-21 19:36:18.561,0.22801,2296.29209,sell,349240227
'2025-05-21 19:36:18.562,0.228,4170.78528,sell,349240229
'2025-05-21 19:36:18.919,0.22796,246.426622,sell,349240230
'2025-05-21 19:36:19.379,0.22795,10,sell,349240231
'2025-05-21 19:36:20.462,0.2279,10,buy,349240232
'2025-05-21 19:36:21.351,0.22785,10,sell,349240233
'2025-05-21 19:36:21.992,0.22785,10,buy,349240234
'2025-05-21 19:36:22.052,0.22787,15,buy,349240235
'2025-05-21 19:36:22.072,0.22789,15,buy,349240236
'2025-05-21 19:36:23.346,0.22785,10,sell,349240237
'2025-05-21 19:36:23.378,0.22781,109.067939,sell,349240238
'2025-05-21 19:36:23.428,0.2278,10,sell,349240239
'2025-05-21 19:36:23.704,0.22775,10,sell,349240240
'2025-05-21 19:36:23.944,0.2277,10,sell,349240241
'2025-05-21 19:36:24.321,0.22766,109.186056,sell,349240242
'2025-05-21 19:36:24.321,0.22765,10,sell,349240243
'2025-05-21 19:36:24.533,0.2276,1093.634333,sell,349240247
'2025-05-21 19:36:25.572,0.2276,10,buy,349240248
'2025-05-21 19:36:25.912,0.22765,10,buy,349240249
'2025-05-21 19:36:25.926,0.22767,15,buy,349240250
'2025-05-21 19:36:27.905,0.2277,256.713238,buy,349240252
'2025-05-21 19:36:27.905,0.22773,3103,buy,349240253
'2025-05-21 19:36:27.907,0.22775,1459.281803,buy,349240256
'2025-05-21 19:36:27.908,0.22776,3597.984101,buy,349240258
'2025-05-21 19:36:27.909,0.22777,10972.879848,buy,349240263
'2025-05-21 19:36:28.068,0.22774,3890,sell,349240264
'2025-05-21 19:36:30.652,0.2277,10,buy,349240265
'2025-05-21 19:36:32.046,0.22775,10,buy,349240266
'2025-05-21 19:36:35.502,0.22775,10,sell,349240267
'2025-05-21 19:36:36.042,0.2277,10,buy,349240268
'2025-05-21 19:36:36.599,0.22771,1111.650344,buy,349240269
'2025-05-21 19:36:37.199,0.2277,10,sell,349240270
'2025-05-21 19:36:39.431,0.22766,246.74523,sell,349240271
'2025-05-21 19:36:39.455,0.22765,10,sell,349240272
'2025-05-21 19:36:39.814,0.22765,10,buy,349240273
'2025-05-21 19:36:39.892,0.22767,15,buy,349240274
'2025-05-21 19:36:40.459,0.2277,256.723559,buy,349240276
'2025-05-21 19:36:41.415,0.22775,25,buy,349240278
'2025-05-21 19:36:41.842,0.2278,10,buy,349240279
'2025-05-21 19:36:42.918,0.2278,10,buy,349240280
'2025-05-21 19:36:45.729,0.2278,10,buy,349240281
'2025-05-21 19:36:48.972,0.2278,10,buy,349240282
'2025-05-21 19:36:49.953,0.22785,119.064095,buy,349240284
'2025-05-21 19:36:51.072,0.2279,10,buy,349240285
'2025-05-21 19:36:52.252,0.22791,3253.78112,buy,349240286
'2025-05-21 19:36:52.262,0.22791,0.000001,buy,349240287
'2025-05-21 19:36:52.282,0.22795,10,buy,349240288
'2025-05-21 19:36:55.055,0.22795,121.09332,buy,349240289
'2025-05-21 19:36:55.062,0.22798,1096.924224,buy,349240290
'2025-05-21 19:36:55.063,0.22799,1096.924224,buy,349240291
'2025-05-21 19:36:55.064,0.228,2785.568634,buy,349240297
'2025-05-21 19:36:55.380,0.228,10,sell,349240298
'2025-05-21 19:36:56.271,0.22798,30,sell,349240299
'2025-05-21 19:36:56.897,0.228,257.590657,buy,349240300
'2025-05-21 19:36:56.897,0.22801,376.216647,buy,349240301
'2025-05-21 19:36:56.897,0.22802,3059.314685,buy,349240302
'2025-05-21 19:36:58.275,0.228,10,sell,349240303
'2025-05-21 19:36:59.275,0.22802,394.328405,buy,349240304
'2025-05-21 19:36:59.335,0.22803,413.90303,buy,349240307
'2025-05-21 19:36:59.455,0.22803,259.01821,buy,349240308
'2025-05-21 19:37:00.266,0.22804,33.953995,buy,349240311
'2025-05-21 19:37:00.276,0.22804,208,sell,349240312
'2025-05-21 19:37:01.510,0.22805,232.876316,buy,349240314
'2025-05-21 19:37:01.985,0.22806,573.599014,buy,349240317
'2025-05-21 19:37:01.989,0.22807,1145.01745,buy,349240322
'2025-05-21 19:37:01.990,0.22808,14.398017,buy,349240323
'2025-05-21 19:37:01.992,0.22809,1507,buy,349240331
'2025-05-21 19:37:01.992,0.22809,221.719739,buy,349240332
'2025-05-21 19:37:01.993,0.2281,118.652534,buy,349240337
'2025-05-21 19:37:02.626,0.22807,15902,buy,349240338
'2025-05-21 19:37:03.586,0.22805,10,sell,349240339
'2025-05-21 19:37:05.572,0.22805,10,buy,349240340
'2025-05-21 19:37:05.831,0.22808,832.972423,buy,349240341
'2025-05-21 19:37:05.831,0.22809,690.786741,buy,349240343
'2025-05-21 19:37:06.399,0.2281,10,buy,349240344
'2025-05-21 19:37:06.752,0.22811,451.014524,buy,349240349
'2025-05-21 19:37:06.865,0.22812,160.505577,buy,349240355
'2025-05-21 19:37:06.867,0.22813,999.16957,buy,349240359
'2025-05-21 19:37:06.872,0.22813,0.000002,buy,349240360
'2025-05-21 19:37:06.949,0.22815,280.513772,buy,349240366
'2025-05-21 19:37:06.949,0.22816,25.687771,buy,349240368
'2025-05-21 19:37:07.284,0.22816,57,sell,349240369
'2025-05-21 19:37:07.382,0.22817,90.837426,buy,349240373
'2025-05-21 19:37:07.382,0.22818,301.762385,buy,349240378
'2025-05-21 19:37:07.383,0.22819,11.244282,buy,349240379
'2025-05-21 19:37:07.383,0.2282,202.461673,buy,349240384
'2025-05-21 19:37:07.383,0.22821,227.905533,buy,349240389
'2025-05-21 19:37:07.383,0.22822,849.645662,buy,349240393
'2025-05-21 19:37:07.383,0.22823,8718.764442,buy,349240396
'2025-05-21 19:37:07.387,0.22824,1314.018253,buy,349240397
'2025-05-21 19:37:07.387,0.22825,1666.122733,buy,349240402
'2025-05-21 19:37:07.388,0.22825,903.254446,buy,349240403
'2025-05-21 19:37:07.392,0.22826,4733.457055,buy,349240408
'2025-05-21 19:37:07.393,0.22827,1144.071024,buy,349240411
'2025-05-21 19:37:07.394,0.22828,4330.689846,buy,349240418
'2025-05-21 19:37:07.394,0.22828,12316.195319,buy,349240420
'2025-05-21 19:37:07.395,0.22828,422.518279,buy,349240421
'2025-05-21 19:37:07.396,0.22829,37.194992,buy,349240424
'2025-05-21 19:37:07.397,0.2283,8330.235854,buy,349240429
'2025-05-21 19:37:07.398,0.22831,10023.710007,buy,349240434
'2025-05-21 19:37:07.399,0.22831,1544.132578,buy,349240435
'2025-05-21 19:37:07.399,0.22832,28840.801182,buy,349240439
'2025-05-21 19:37:07.400,0.22832,20,buy,349240440
'2025-05-21 19:37:07.403,0.22832,2189.768438,buy,349240441
'2025-05-21 19:37:07.429,0.22832,11.290845,sell,349240442
'2025-05-21 19:37:07.436,0.22832,11.290845,sell,349240443
'2025-05-21 19:37:07.502,0.22832,696.364813,sell,349240444
'2025-05-21 19:37:07.512,0.22833,2050,buy,349240455
'2025-05-21 19:37:07.581,0.22832,15328.69093,sell,349240462
'2025-05-21 19:37:07.586,0.22831,2000,sell,349240464
'2025-05-21 19:37:07.586,0.22831,1871.697007,sell,349240465
'2025-05-21 19:37:08.516,0.22828,13290.917252,buy,349240466
'2025-05-21 19:37:09.276,0.22828,326,sell,349240467
'2025-05-21 19:37:09.497,0.22829,6481.254487,buy,349240468
'2025-05-21 19:37:09.502,0.2283,10,buy,349240469
'2025-05-21 19:37:09.717,0.22834,753.813504,buy,349240471
'2025-05-21 19:37:10.062,0.22832,18302.85128,buy,349240473
'2025-05-21 19:37:10.291,0.22835,74.889424,buy,349240476
'2025-05-21 19:37:10.593,0.22833,403.911261,sell,349240477
'2025-05-21 19:37:11.059,0.22835,76.501595,buy,349240480
'2025-05-21 19:37:11.059,0.22836,1215,buy,349240484
'2025-05-21 19:37:11.059,0.22836,0.298909,buy,349240485
'2025-05-21 19:37:11.286,0.22836,28,sell,349240486
'2025-05-21 19:37:11.372,0.22837,857.79812,buy,349240489
'2025-05-21 19:37:11.553,0.22839,110.837898,buy,349240492
'2025-05-21 19:37:11.553,0.2284,596.545729,buy,349240503
'2025-05-21 19:37:11.558,0.22841,73,buy,349240505
'2025-05-21 19:37:11.559,0.22841,0.213497,buy,349240506
'2025-05-21 19:37:11.559,0.22842,23090.786503,buy,349240511
'2025-05-21 19:37:11.559,0.22842,0.272865,buy,349240512
'2025-05-21 19:37:11.564,0.22843,254.74541,buy,349240518
'2025-05-21 19:37:11.565,0.22843,0.000005,buy,349240519
'2025-05-21 19:37:11.565,0.22844,205.279751,buy,349240526
'2025-05-21 19:37:11.663,0.22844,4092.3888,sell,349240527
'2025-05-21 19:37:11.666,0.22843,97.070818,sell,349240529
'2025-05-21 19:37:12.772,0.2284,10,sell,349240530
'2025-05-21 19:37:12.879,0.2284,10,buy,349240531
'2025-05-21 19:37:13.079,0.22843,2413.41641,buy,349240532
'2025-05-21 19:37:13.306,0.22841,144,sell,349240533
'2025-05-21 19:37:13.391,0.22845,490.688157,buy,349240539
'2025-05-21 19:37:13.394,0.22846,647.703002,buy,349240543
'2025-05-21 19:37:15.220,0.22845,10,buy,349240544
'2025-05-21 19:37:15.528,0.22845,1094.49693,sell,349240545
'2025-05-21 19:37:16.332,0.22845,4513.525936,sell,349240546
'2025-05-21 19:37:16.871,0.22846,1833.501079,buy,349240550
'2025-05-21 19:37:16.871,0.22847,260.539618,buy,349240551
'2025-05-21 19:37:17.273,0.22847,142.798934,sell,349240552
'2025-05-21 19:37:17.278,0.22847,6608.493156,sell,349240554
'2025-05-21 19:37:17.278,0.22846,152.294999,sell,349240555
'2025-05-21 19:37:17.427,0.22848,125.8423,buy,349240559
'2025-05-21 19:37:17.427,0.22848,0.000003,buy,349240560
'2025-05-21 19:37:17.428,0.22849,128,buy,349240562
'2025-05-21 19:37:17.428,0.22849,0.447328,buy,349240563
'2025-05-21 19:37:17.428,0.2285,1538.325201,buy,349240580
'2025-05-21 19:37:17.428,0.22851,1170.155899,buy,349240583
'2025-05-21 19:37:17.501,0.22851,58.325769,sell,349240584
'2025-05-21 19:37:17.506,0.22851,109.912,sell,349240585
'2025-05-21 19:37:19.190,0.22846,18302,buy,349240587
'2025-05-21 19:37:19.190,0.22847,4210.610526,buy,349240588
'2025-05-21 19:37:19.190,0.22848,15902,buy,349240589
'2025-05-21 19:37:19.190,0.22849,3048.907488,buy,349240592
'2025-05-21 19:37:19.190,0.2285,15912,buy,349240594
'2025-05-21 19:37:19.190,0.22851,8655.36035,buy,349240596
'2025-05-21 19:37:19.190,0.22852,26489.845173,buy,349240605
'2025-05-21 19:37:19.190,0.22853,10056.610065,buy,349240611
'2025-05-21 19:37:19.190,0.22854,9134.270738,buy,349240616
'2025-05-21 19:37:19.190,0.22855,47396.159217,buy,349240624
'2025-05-21 19:37:19.190,0.22856,14335.650634,buy,349240632
'2025-05-21 19:37:19.190,0.22857,9806.170663,buy,349240644
'2025-05-21 19:37:19.190,0.22858,19864.022327,buy,349240650
'2025-05-21 19:37:19.190,0.22859,34341.442227,buy,349240664
'2025-05-21 19:37:19.190,0.2286,17561.85865,buy,349240678
'2025-05-21 19:37:19.287,0.22848,18,sell,349240679
'2025-05-21 19:37:19.544,0.22848,285.760755,sell,349240680
'2025-05-21 19:37:19.662,0.22845,10,sell,349240681
'2025-05-21 19:37:20.212,0.22845,10,buy,349240682
'2025-05-21 19:37:21.112,0.22849,543,sell,349240683
'2025-05-21 19:37:21.112,0.22849,0.094272,sell,349240684
'2025-05-21 19:37:21.113,0.22848,2296.29209,sell,349240685
'2025-05-21 19:37:21.113,0.22847,1086.188544,sell,349240687
'2025-05-21 19:37:21.152,0.22846,15,sell,349240688
'2025-05-21 19:37:23.632,0.2285,10,buy,349240689
'2025-05-21 19:37:23.633,0.22851,620.44447,buy,349240690
'2025-05-21 19:37:23.636,0.22851,0.000008,buy,349240691
'2025-05-21 19:37:23.768,0.22851,357,sell,349240692
'2025-05-21 19:37:23.773,0.22851,3844.48352,sell,349240693
'2025-05-21 19:37:23.773,0.22851,357,sell,349240694
'2025-05-21 19:37:25.294,0.2285,20,sell,349240695
'2025-05-21 19:37:25.294,0.2285,4087,buy,349240696
'2025-05-21 19:37:25.294,0.22851,14225.886832,buy,349240700
'2025-05-21 19:37:25.422,0.2285,10,buy,349240701
'2025-05-21 19:37:25.438,0.2285,218.40934,sell,349240702
'2025-05-21 19:37:26.159,0.2285,10,buy,349240703
'2025-05-21 19:37:26.864,0.22847,437.694226,buy,349240704
'2025-05-21 19:37:27.038,0.22845,20,sell,349240705
'2025-05-21 19:37:27.802,0.22841,210.658114,buy,349240706
'2025-05-21 19:37:28.075,0.22843,4455,buy,349240707
'2025-05-21 19:37:28.075,0.22844,6643.902265,buy,349240709
'2025-05-21 19:37:28.076,0.22845,10,buy,349240710
'2025-05-21 19:37:28.112,0.22844,2000,sell,349240711
'2025-05-21 19:37:28.112,0.22844,1000,sell,349240712
'2025-05-21 19:37:28.776,0.22845,10,buy,349240713
'2025-05-21 19:37:28.984,0.22847,8753.884536,buy,349240715
'2025-05-21 19:37:30.325,0.22843,15902,sell,349240716
'2025-05-21 19:37:31.222,0.2284,10,buy,349240717
'2025-05-21 19:37:31.452,0.22841,15902,buy,349240718
'2025-05-21 19:37:31.461,0.22845,10,buy,349240719
'2025-05-21 19:37:34.155,0.22846,268.682412,sell,349240720
'2025-05-21 19:37:35.112,0.22845,10,buy,349240721
'2025-05-21 19:37:35.180,0.22846,663.419898,sell,349240722
'2025-05-21 19:37:36.680,0.2284,20,sell,349240723
'2025-05-21 19:37:36.684,0.22837,2000,sell,349240724
'2025-05-21 19:37:36.684,0.22837,626.526675,sell,349240725
'2025-05-21 19:37:36.684,0.22836,373.473325,sell,349240727
'2025-05-21 19:37:37.354,0.2284,10,buy,349240728
'2025-05-21 19:37:38.922,0.22843,15,buy,349240729
'2025-05-21 19:37:40.535,0.22835,10,sell,349240730
'2025-05-21 19:37:41.373,0.22835,2400,buy,349240731
'2025-05-21 19:37:41.373,0.22836,15902,buy,349240732
'2025-05-21 19:37:41.519,0.22836,17855.4758,sell,349240733
'2025-05-21 19:37:41.707,0.22833,108.691239,sell,349240734
'2025-05-21 19:37:41.707,0.22831,5830.892832,sell,349240736
'2025-05-21 19:37:41.716,0.2283,10,sell,349240737
'2025-05-21 19:37:41.991,0.22833,15.000001,buy,349240739
'2025-05-21 19:37:41.991,0.22833,15.000001,buy,349240740
'2025-05-21 19:37:42.274,0.2283,20,sell,349240741
'2025-05-21 19:37:43.247,0.22829,4455,buy,349240742
'2025-05-21 19:37:43.252,0.2283,10,buy,349240743
'2025-05-21 19:37:43.603,0.2283,20,sell,349240744
'2025-05-21 19:37:43.823,0.2283,10,buy,349240745
'2025-05-21 19:37:45.219,0.22833,168,buy,349240746
'2025-05-21 19:37:46.162,0.22833,113.948335,buy,349240748
'2025-05-21 19:37:46.172,0.22835,10,buy,349240749
'2025-05-21 19:37:47.008,0.22837,245.995345,buy,349240750
'2025-05-21 19:37:47.008,0.2284,10,buy,349240751
'2025-05-21 19:37:47.008,0.22841,15,buy,349240752
'2025-05-21 19:37:47.008,0.22842,5539.94361,buy,349240754
'2025-05-21 19:37:47.008,0.22843,584.521976,buy,349240757
'2025-05-21 19:37:47.008,0.22844,23878.823477,buy,349240761
'2025-05-21 19:37:47.008,0.22845,8654.70876,buy,349240765
'2025-05-21 19:37:47.008,0.22846,14489.712395,buy,349240768
'2025-05-21 19:37:47.008,0.22847,58866.718761,buy,349240777
'2025-05-21 19:37:47.008,0.22848,27807.735034,buy,349240786
'2025-05-21 19:37:47.008,0.22849,17830.717046,buy,349240791
'2025-05-21 19:37:47.008,0.2285,23593.106073,buy,349240797
'2025-05-21 19:37:47.008,0.22851,48099.287393,buy,349240806
'2025-05-21 19:37:47.279,0.22843,1488,sell,349240807
'2025-05-21 19:37:47.311,0.22843,4201.48352,sell,349240809
'2025-05-21 19:37:48.382,0.22842,2000,sell,349240810
'2025-05-21 19:37:48.384,0.2284,1000,sell,349240811
'2025-05-21 19:37:48.435,0.2284,672.621968,sell,349240813
'2025-05-21 19:37:48.436,0.2284,4583.019978,sell,349240814
'2025-05-21 19:37:48.750,0.22838,1000,sell,349240815
'2025-05-21 19:37:48.750,0.22838,2000,sell,349240816
'2025-05-21 19:37:48.756,0.22836,1000,sell,349240817
'2025-05-21 19:37:48.756,0.22836,2000,sell,349240818
'2025-05-21 19:37:48.756,0.22836,2190,sell,349240819
'2025-05-21 19:37:49.123,0.22838,2000,sell,349240820
'2025-05-21 19:37:49.123,0.22838,1000,sell,349240821
'2025-05-21 19:37:49.136,0.22839,2676.896077,buy,349240823
'2025-05-21 19:37:49.136,0.22839,2563.103923,buy,349240824
'2025-05-21 19:37:49.138,0.2284,10,buy,349240825
'2025-05-21 19:37:49.143,0.22844,700,buy,349240826
'2025-05-21 19:37:49.144,0.22844,3112.88095,buy,349240828
'2025-05-21 19:37:49.145,0.22845,10,buy,349240829
'2025-05-21 19:37:49.148,0.22845,575.624271,buy,349240830
'2025-05-21 19:37:49.148,0.22847,11748.909353,buy,349240831
'2025-05-21 19:37:49.153,0.22848,2431.681543,buy,349240833
'2025-05-21 19:37:49.154,0.22849,4816.533847,buy,349240834
'2025-05-21 19:37:49.155,0.22845,632.692257,buy,349240835
'2025-05-21 19:37:49.155,0.22845,1867.307743,buy,349240836
'2025-05-21 19:37:49.168,0.22848,1000,sell,349240837
'2025-05-21 19:37:49.168,0.22848,2000,sell,349240838
'2025-05-21 19:37:49.195,0.22849,552.807042,sell,349240840
'2025-05-21 19:37:49.195,0.22848,27830.777936,sell,349240845
'2025-05-21 19:37:49.259,0.22849,1000,sell,349240846
'2025-05-21 19:37:49.275,0.22849,5112.21787,sell,349240849
'2025-05-21 19:37:49.275,0.22847,2188.183807,sell,349240850
'2025-05-21 19:37:49.278,0.22846,15,sell,349240851
'2025-05-21 19:37:49.278,0.22845,20,sell,349240852
'2025-05-21 19:37:49.278,0.22844,965,sell,349240853
'2025-05-21 19:37:49.278,0.22844,2000,sell,349240854
'2025-05-21 19:37:49.492,0.22846,15,sell,349240855
'2025-05-21 19:37:49.492,0.22844,1985,sell,349240856
'2025-05-21 19:37:49.492,0.22844,1000,sell,349240857
'2025-05-21 19:37:49.497,0.22844,15,sell,349240858
'2025-05-21 19:37:49.497,0.22842,1695,sell,349240860
'2025-05-21 19:37:49.531,0.22842,1000,sell,349240861
'2025-05-21 19:37:49.531,0.22842,2000,sell,349240862
'2025-05-21 19:37:49.531,0.22842,987.119348,sell,349240864
'2025-05-21 19:37:49.531,0.22841,1202.880652,sell,349240865
'2025-05-21 19:37:49.532,0.22841,2190,sell,349240866
'2025-05-21 19:37:49.862,0.22843,2000,sell,349240867
'2025-05-21 19:37:49.862,0.22843,1000,sell,349240868
'2025-05-21 19:37:49.871,0.22841,2000,sell,349240869
'2025-05-21 19:37:49.871,0.22841,1000,sell,349240870
'2025-05-21 19:37:49.943,0.22841,380,sell,349240871
'2025-05-21 19:37:49.943,0.22841,420,sell,349240872
'2025-05-21 19:37:49.943,0.22841,370,sell,349240873
'2025-05-21 19:37:50.235,0.2284,20,sell,349240874
'2025-05-21 19:37:50.279,0.22839,10,sell,349240875
'2025-05-21 19:37:50.322,0.22836,1660,sell,349240877
'2025-05-21 19:37:50.340,0.22837,2000,sell,349240878
'2025-05-21 19:37:50.341,0.22837,2000,sell,349240879
'2025-05-21 19:37:50.342,0.22836,2000,sell,349240880
'2025-05-21 19:37:50.499,0.2284,10,buy,349240881
'2025-05-21 19:37:50.544,0.22841,1980,sell,349240882
'2025-05-21 19:37:50.602,0.2284,2190,sell,349240885
'2025-05-21 19:37:50.602,0.2284,2190,sell,349240886
'2025-05-21 19:37:50.602,0.22839,2190,sell,349240888
'2025-05-21 19:37:50.686,0.22838,2190,sell,349240889
'2025-05-21 19:37:50.686,0.22838,2190,sell,349240890
'2025-05-21 19:37:50.972,0.22838,2190,sell,349240891
'2025-05-21 19:37:51.056,0.22838,2190,sell,349240893
'2025-05-21 19:37:51.060,0.22836,1660,sell,349240894
'2025-05-21 19:37:51.231,0.22837,12468.940875,buy,349240895
'2025-05-21 19:37:51.343,0.22837,2190,sell,349240896
'2025-05-21 19:37:51.431,0.22837,2190,sell,349240897
'2025-05-21 19:37:51.710,0.22836,2190,sell,349240898
'2025-05-21 19:37:51.710,0.22836,2190,sell,349240899
'2025-05-21 19:37:51.711,0.22836,420,sell,349240900
'2025-05-21 19:37:51.712,0.22836,420,sell,349240901
'2025-05-21 19:37:51.760,0.22835,183.569564,sell,349240903
'2025-05-21 19:37:51.802,0.22833,2190,sell,349240905
'2025-05-21 19:37:51.802,0.22833,2190,sell,349240906
'2025-05-21 19:37:52.051,0.22833,12723,buy,349240908
'2025-05-21 19:37:52.062,0.22833,1673,buy,349240910
'2025-05-21 19:37:52.062,0.22833,10000,buy,349240911
'2025-05-21 19:37:52.063,0.22833,796.056856,buy,349240912
'2025-05-21 19:37:52.072,0.22835,10,buy,349240913
'2025-05-21 19:37:52.183,0.22835,10,sell,349240914
'2025-05-21 19:37:52.210,0.22833,2000,sell,349240915
'2025-05-21 19:37:52.210,0.22833,586.679022,sell,349240916
'2025-05-21 19:37:52.493,0.22832,1990,sell,349240918
'2025-05-21 19:37:52.645,0.22831,12468.940875,buy,349240919
'2025-05-21 19:37:52.650,0.22831,2000,sell,349240921
'2025-05-21 19:37:52.812,0.22832,12461.441481,buy,349240922
'2025-05-21 19:37:52.822,0.22834,544.774806,sell,349240923
'2025-05-21 19:37:52.822,0.22833,868.546172,sell,349240924
'2025-05-21 19:37:52.822,0.22835,10,buy,349240925
'2025-05-21 19:37:53.283,0.22837,246.00565,buy,349240926
'2025-05-21 19:37:53.372,0.2284,10,buy,349240927
'2025-05-21 19:37:55.229,0.22841,101.006503,sell,349240928
'2025-05-21 19:37:55.938,0.22841,2000,sell,349240929
'2025-05-21 19:37:55.938,0.22841,1000,sell,349240930
'2025-05-21 19:37:55.985,0.2284,10,sell,349240931
'2025-05-21 19:37:57.973,0.22842,2188.998095,buy,349240932
'2025-05-21 19:37:57.973,0.22843,200.802995,buy,349240933
'2025-05-21 19:37:57.982,0.22845,10.000001,buy,349240935
'2025-05-21 19:37:57.982,0.22845,10.000001,buy,349240936
'2025-05-21 19:37:57.988,0.22845,10.000001,buy,349240937
'2025-05-21 19:37:57.988,0.22845,10.000001,buy,349240938
'2025-05-21 19:37:57.992,0.22845,10.000001,buy,349240939
'2025-05-21 19:37:57.992,0.22845,10.000001,buy,349240940
'2025-05-21 19:38:01.083,0.22845,10,buy,349240941
'2025-05-21 19:38:01.990,0.22846,215.936837,buy,349240942
'2025-05-21 19:38:02.167,0.22846,140,sell,349240943
'2025-05-21 19:38:03.330,0.22846,1059.266392,buy,349240944
'2025-05-21 19:38:03.885,0.2284,10,sell,349240945
'2025-05-21 19:38:03.886,0.22836,1000,sell,349240946
'2025-05-21 19:38:03.886,0.22836,2000,sell,349240948
'2025-05-21 19:38:03.937,0.22835,573.514249,sell,349240950
'2025-05-21 19:38:03.958,0.22835,2561.2,sell,349240951
'2025-05-21 19:38:03.960,0.22835,2198.05127,sell,349240952
'2025-05-21 19:38:05.008,0.22839,12.761942,buy,349240953
'2025-05-21 19:38:05.156,0.22839,43.784754,buy,349240954
'2025-05-21 19:38:05.518,0.22838,1532.162759,sell,349240955
'2025-05-21 19:38:06.111,0.22835,10,sell,349240956
'2025-05-21 19:38:06.114,0.22833,2000,sell,349240958
'2025-05-21 19:38:06.114,0.22833,3000,sell,349240959
'2025-05-21 19:38:06.120,0.22833,920,sell,349240960
'2025-05-21 19:38:06.120,0.22833,2000,sell,349240961
'2025-05-21 19:38:06.120,0.22833,80,sell,349240962
'2025-05-21 19:38:06.128,0.22833,5666.400502,sell,349240963
'2025-05-21 19:38:06.132,0.2283,40,sell,349240966
'2025-05-21 19:38:06.132,0.22829,960,sell,349240967
'2025-05-21 19:38:06.132,0.22829,2000,sell,349240968
'2025-05-21 19:38:06.171,0.22829,7500,sell,349240969
'2025-05-21 19:38:08.506,0.22825,10,sell,349240970
'2025-05-21 19:38:08.507,0.22822,15,sell,349240971
'2025-05-21 19:38:08.507,0.22821,985,sell,349240972
'2025-05-21 19:38:08.808,0.22825,5438.177978,buy,349240973
'2025-05-21 19:38:08.811,0.22829,8555.54817,buy,349240974
'2025-05-21 19:38:08.811,0.2283,8565.54817,buy,349240976
'2025-05-21 19:38:08.815,0.22832,1382.63543,buy,349240977
'2025-05-21 19:38:08.816,0.22832,9124.155543,buy,349240978
'2025-05-21 19:38:08.816,0.22833,2593.933215,buy,349240979
'2025-05-21 19:38:08.818,0.22833,2500,buy,349240980
'2025-05-21 19:38:08.820,0.22834,1313.455918,buy,349240981
'2025-05-21 19:38:08.822,0.22835,4279.906703,buy,349240983
'2025-05-21 19:38:08.822,0.22835,2314.720867,buy,349240984
'2025-05-21 19:38:08.825,0.22836,9637.144202,buy,349240985
'2025-05-21 19:38:08.879,0.22837,1830,buy,349240987
'2025-05-21 19:38:08.901,0.22838,908.15263,buy,349240988
'2025-05-21 19:38:08.902,0.22838,908.15263,buy,349240989
'2025-05-21 19:38:08.940,0.22838,373.028307,buy,349240990
'2025-05-21 19:38:08.940,0.22839,6334.76053,buy,349240993
'2025-05-21 19:38:08.950,0.22839,232.952591,buy,349240994
'2025-05-21 19:38:08.950,0.2284,10,buy,349240995
'2025-05-21 19:38:08.950,0.22841,3997.047409,buy,349240997
'2025-05-21 19:38:08.959,0.22841,498.004261,buy,349240998
'2025-05-21 19:38:08.959,0.22842,861.995739,buy,349240999
'2025-05-21 19:38:08.983,0.22841,4092.3888,sell,349241000
'2025-05-21 19:38:08.984,0.22839,4468.650584,sell,349241002
'2025-05-21 19:38:08.985,0.22839,1000,sell,349241004
'2025-05-21 19:38:08.985,0.22839,38.532172,sell,349241005
'2025-05-21 19:38:08.985,0.22838,396.733331,sell,349241007
'2025-05-21 19:38:08.985,0.22837,381.733331,sell,349241008
'2025-05-21 19:38:08.985,0.22836,778.466662,sell,349241011
'2025-05-21 19:38:08.985,0.22835,404.534504,sell,349241012
'2025-05-21 19:38:10.453,0.2284,10,buy,349241013
'2025-05-21 19:38:13.465,0.22845,93.40337,buy,349241015
'2025-05-21 19:38:13.741,0.22845,10,sell,349241016
'2025-05-21 19:38:13.808,0.22844,15,sell,349241017
'2025-05-21 19:38:13.907,0.2284,10,sell,349241018
'2025-05-21 19:38:14.302,0.22845,10,buy,349241019
'2025-05-21 19:38:15.496,0.2285,10,buy,349241020
'2025-05-21 19:38:15.614,0.2285,10,sell,349241021
'2025-05-21 19:38:16.612,0.22845,10,sell,349241022
'2025-05-21 19:38:17.579,0.22848,29.884349,sell,349241023
'2025-05-21 19:38:19.302,0.22845,10,sell,349241024
'2025-05-21 19:38:19.855,0.22844,86.718613,buy,349241025
'2025-05-21 19:38:20.202,0.22845,10,buy,349241026
'2025-05-21 19:38:20.419,0.22846,39.000262,buy,349241027
'2025-05-21 19:38:20.686,0.22845,10,sell,349241028
'2025-05-21 19:38:23.071,0.22847,1326.174925,buy,349241030
'2025-05-21 19:38:24.793,0.2285,358.233128,buy,349241032
'2025-05-21 19:38:24.794,0.22852,108.584754,buy,349241033
'2025-05-21 19:38:24.805,0.22855,550.04708,buy,349241035
'2025-05-21 19:38:24.806,0.22855,0.000004,buy,349241036
'2025-05-21 19:38:24.825,0.22857,62.4,sell,349241037
'2025-05-21 19:38:25.096,0.22855,10,sell,349241038
'2025-05-21 19:38:27.080,0.22855,116.298505,buy,349241039
'2025-05-21 19:38:27.081,0.22856,77.353551,buy,349241040
'2025-05-21 19:38:27.081,0.22857,1804.910102,buy,349241041
'2025-05-21 19:38:27.082,0.22857,77.353551,buy,349241042
'2025-05-21 19:38:27.085,0.2286,1104.091903,buy,349241044
'2025-05-21 19:38:27.086,0.22861,23.367139,buy,349241046
'2025-05-21 19:38:27.086,0.22862,354.009459,buy,349241048
'2025-05-21 19:38:27.093,0.22863,189.497416,buy,349241050
'2025-05-21 19:38:27.358,0.22864,17.444775,buy,349241052
'2025-05-21 19:38:27.753,0.22864,67.61756,buy,349241055
'2025-05-21 19:38:27.763,0.22865,153.837894,buy,349241060
'2025-05-21 19:38:28.251,0.22866,864.739934,buy,349241069
'2025-05-21 19:38:28.251,0.22867,320.431167,buy,349241073
'2025-05-21 19:38:28.252,0.22868,3640.481478,buy,349241078
'2025-05-21 19:38:28.802,0.22865,10,sell,349241079
'2025-05-21 19:38:29.256,0.22867,15902,buy,349241080
'2025-05-21 19:38:29.330,0.22868,79,sell,349241081
'2025-05-21 19:38:29.542,0.22868,100,sell,349241082
'2025-05-21 19:38:29.832,0.22868,90.881437,sell,349241083
'2025-05-21 19:38:29.860,0.22869,10.821944,buy,349241084
'2025-05-21 19:38:30.822,0.2287,59.930062,buy,349241087
'2025-05-21 19:38:31.334,0.2287,12,sell,349241088
'2025-05-21 19:38:32.088,0.22867,12920.375,buy,349241089
'2025-05-21 19:38:33.087,0.22865,10,sell,349241090
'2025-05-21 19:38:33.087,0.22863,5061.782467,sell,349241093
'2025-05-21 19:38:33.090,0.22862,1000,sell,349241094
'2025-05-21 19:38:33.090,0.22862,2000,sell,349241096
'2025-05-21 19:38:33.654,0.22864,1500.42797,sell,349241097
'2025-05-21 19:38:34.559,0.22865,143.543732,buy,349241098
'2025-05-21 19:38:36.690,0.22867,245.685606,buy,349241099
'2025-05-21 19:38:37.842,0.22865,10,sell,349241100
'2025-05-21 19:38:38.692,0.22865,10,buy,349241101
'2025-05-21 19:38:39.460,0.22864,12135.344564,buy,349241102
'2025-05-21 19:38:39.685,0.22863,245.7071,sell,349241103
'2025-05-21 19:38:40.897,0.22863,449.16781,buy,349241104
'2025-05-21 19:38:40.902,0.22865,10,buy,349241105
'2025-05-21 19:38:41.154,0.22867,245.685612,buy,349241106
'2025-05-21 19:38:41.157,0.22868,122,buy,349241107
'2025-05-21 19:38:41.162,0.22868,0.23972,buy,349241108
'2025-05-21 19:38:41.182,0.2287,10,buy,349241109
'2025-05-21 19:38:41.310,0.22871,392.167423,buy,349241112
'2025-05-21 19:38:41.484,0.22872,86.612451,buy,349241114
'2025-05-21 19:38:41.522,0.22872,13.188466,buy,349241115
'2025-05-21 19:38:41.982,0.2287,10,sell,349241116
'2025-05-21 19:38:42.258,0.2287,10,buy,349241117
'2025-05-21 19:38:42.936,0.22873,69.443909,buy,349241121
'2025-05-21 19:38:42.936,0.22874,987.128809,buy,349241123
'2025-05-21 19:38:42.936,0.22875,2543.657055,buy,349241141
'2025-05-21 19:38:42.936,0.22876,2573.9899,buy,349241144
'2025-05-21 19:38:42.947,0.22874,10.762618,buy,349241145
'2025-05-21 19:38:44.549,0.22873,15259,sell,349241146
'2025-05-21 19:38:44.552,0.2287,10,sell,349241147
'2025-05-21 19:38:46.124,0.22873,1492.643605,sell,349241148
'2025-05-21 19:38:46.543,0.22873,2465.02218,sell,349241149
'2025-05-21 19:38:47.216,0.22874,1026.070737,buy,349241150
'2025-05-21 19:38:47.217,0.22875,269.619798,buy,349241152
'2025-05-21 19:38:47.218,0.22877,36,buy,349241154
'2025-05-21 19:38:47.220,0.22877,0.040949,buy,349241155
'2025-05-21 19:38:47.220,0.22878,627.934097,buy,349241161
'2025-05-21 19:38:47.222,0.22878,1677.187707,buy,349241165
'2025-05-21 19:38:47.341,0.22879,267.651338,buy,349241167
'2025-05-21 19:38:47.341,0.2288,4910.119236,buy,349241181
'2025-05-21 19:38:47.342,0.22881,92.929818,buy,349241182
'2025-05-21 19:38:47.342,0.22882,151.417512,buy,349241184
'2025-05-21 19:38:47.342,0.22883,764.179262,buy,349241187
'2025-05-21 19:38:47.343,0.22884,1124.441015,buy,349241189
'2025-05-21 19:38:49.334,0.2288,20,sell,349241190
'2025-05-21 19:38:49.419,0.22878,245.550803,sell,349241191
'2025-05-21 19:38:49.422,0.22878,0.000001,sell,349241192
'2025-05-21 19:38:50.336,0.22877,1208,sell,349241196
'2025-05-24 12:17:22.295,0.228,10,buy,350191176
'2025-05-24 12:17:22.295,0.22801,55.674255,buy,350191177
'2025-05-24 12:17:23.618,0.22801,25.156759,buy,350191178
'2025-05-24 12:17:24.454,0.22801,2551.07133,buy,350191179
'2025-05-24 12:17:25.234,0.22804,2630.647382,buy,350191180
'2025-05-24 12:17:25.247,0.22805,10,buy,350191181
'2025-05-24 12:17:27.395,0.22805,10,sell,350191182
'2025-05-24 12:17:28.033,0.22805,10,buy,350191183
'2025-05-24 12:17:29.076,0.22805,12831.75424,sell,350191187
'2025-05-24 12:17:29.076,0.22804,9346.316536,sell,350191188
'2025-05-24 12:17:32.473,0.2281,10,buy,350191189
'2025-05-24 12:17:33.518,0.22812,108.913811,buy,350191190
'2025-05-24 12:17:34.797,0.22815,10332.842173,buy,350191191
'2025-05-24 12:17:37.451,0.22819,3085.207267,sell,350191192
'2025-05-24 12:17:37.451,0.22819,10905.222853,sell,350191194
'2025-05-24 12:17:37.452,0.22818,7708.55424,sell,350191196
'2025-05-24 12:17:37.810,0.22818,43.91,sell,350191197
'2025-05-24 12:17:37.810,0.22817,18398.1875,sell,350191199
'2025-05-24 12:17:37.810,0.22816,2400,sell,350191200
'2025-05-24 12:17:37.810,0.22815,880,sell,350191203
'2025-05-24 12:17:37.810,0.22814,13515.427642,sell,350191207
'2025-05-24 12:17:37.810,0.22813,43975.044163,sell,350191215
'2025-05-24 12:17:37.810,0.22812,42893.534292,sell,350191220
'2025-05-24 12:17:37.817,0.22812,142713.22434,buy,350191221
'2025-05-24 12:17:37.819,0.22812,58662.957446,buy,350191222
'2025-05-24 12:17:37.819,0.22812,14122.662826,buy,350191223
'2025-05-24 12:17:37.819,0.22812,37234.439843,buy,350191224
'2025-05-24 12:17:37.819,0.22812,29193.044433,buy,350191225
'2025-05-24 12:17:37.819,0.22812,95972.021095,buy,350191226
'2025-05-24 12:17:37.844,0.22815,10,buy,350191227
'2025-05-24 12:17:38.051,0.22815,407.689629,sell,350191228
'2025-05-24 12:17:38.206,0.22816,62.423299,buy,350191229
'2025-05-24 12:17:38.987,0.22814,25.582136,sell,350191230
'2025-05-24 12:17:40.924,0.22813,33.822602,sell,350191231
'2025-05-24 12:17:41.223,0.22814,1109.527921,buy,350191232
'2025-05-24 12:17:44.163,0.22812,1095.7223,sell,350191233
'2025-05-24 12:17:44.163,0.22811,1095.7223,sell,350191234
'2025-05-24 12:17:44.170,0.2281,10,sell,350191235
'2025-05-24 12:17:44.735,0.22809,10,buy,350191236
'2025-05-24 12:17:48.772,0.22813,65.674255,buy,350191237
'2025-05-24 12:17:52.111,0.22812,176.37183,sell,350191238
'2025-05-24 12:17:52.489,0.22812,18039.57817,sell,350191240
'2025-05-24 12:17:52.489,0.22811,9491.871542,sell,350191243
'2025-05-24 12:17:52.489,0.2281,17065,sell,350191246
'2025-05-24 12:17:52.489,0.22809,131.556885,sell,350191248
'2025-05-24 12:17:52.489,0.22808,20563.759419,sell,350191253
'2025-05-24 12:17:52.489,0.22807,51619.700322,sell,350191261
'2025-05-24 12:17:53.131,0.22809,1266.999678,sell,350191263
'2025-05-24 12:17:53.131,0.22808,4538.952182,sell,350191265
'2025-05-24 12:17:53.260,0.2281,10,buy,350191266
'2025-05-24 12:17:53.260,0.22811,17044,buy,350191267
'2025-05-24 12:17:53.260,0.22812,8658.821787,buy,350191270
'2025-05-24 12:17:53.260,0.22813,7798.630263,buy,350191271
'2025-05-24 12:17:54.344,0.22814,489.127984,sell,350191272
'2025-05-24 12:17:59.302,0.22821,1971.50038,sell,350191273
'2025-05-24 12:17:59.302,0.2282,10,sell,350191274
'2025-05-24 12:17:59.302,0.22819,15,sell,350191275
'2025-05-24 12:17:59.326,0.22815,10,sell,350191276
'2025-05-24 12:18:01.678,0.2281,219.202104,buy,350191277
'2025-05-24 12:18:04.407,0.22813,459.807,buy,350191278
'2025-05-24 12:18:04.647,0.22814,365,buy,350191279
'2025-05-24 12:18:04.647,0.22814,0.14808,buy,350191280
'2025-05-24 12:18:04.682,0.22815,10,buy,350191281
'2025-05-24 12:18:05.683,0.2282,11.458501,buy,350191282
'2025-05-24 12:18:10.349,0.22821,1971.745584,sell,350191283
'2025-05-24 12:18:10.349,0.2282,17054,sell,350191285
'2025-05-24 12:18:12.076,0.22819,3664.342061,sell,350191286
'2025-05-24 12:18:12.203,0.2282,292.914986,buy,350191287
'2025-05-24 12:18:12.959,0.22818,701.200806,buy,350191288
'2025-05-24 12:18:14.244,0.22818,87.642418,buy,350191289
'2025-05-24 12:18:19.828,0.2282,17808.115568,buy,350191292
'2025-05-24 12:18:23.632,0.22822,17068.193452,buy,350191294
'2025-05-24 12:18:25.074,0.22825,10,buy,350191295
'2025-05-24 12:18:25.077,0.22827,108.806469,buy,350191296
'2025-05-24 12:18:25.137,0.22828,4281.096079,buy,350191297
'2025-05-24 12:18:25.150,0.22829,18.412101,buy,350191298
'2025-05-24 12:18:25.457,0.2283,10,buy,350191299
'2025-05-24 12:18:26.121,0.22835,10,buy,350191300
'2025-05-24 12:18:26.359,0.22839,38,sell,350191301
'2025-05-24 12:18:26.360,0.22839,7670.55424,sell,350191303
'2025-05-24 12:18:35.720,0.22835,4476.279589,sell,350191305
'2025-05-24 12:18:37.610,0.22833,1970.422632,sell,350191306
'2025-05-24 12:18:37.617,0.22831,48,sell,350191307
'2025-05-24 12:18:37.693,0.2283,58,sell,350191309
'2025-05-24 12:18:41.912,0.22824,4161.494525,sell,350191312
'2025-05-24 12:18:43.268,0.22829,5877.55424,sell,350191314
'2025-05-24 12:18:43.268,0.22829,1831,sell,350191315
'2025-05-24 12:18:43.277,0.22825,10,sell,350191316
'2025-05-24 12:18:45.752,0.22828,1971.284274,sell,350191317
'2025-05-24 12:18:45.752,0.22827,403.399221,sell,350191318
'2025-05-24 12:18:48.966,0.22827,1310.219251,sell,350191319
'2025-05-24 12:18:49.287,0.22825,10,sell,350191320
'2025-05-24 12:18:50.414,0.22825,63.88509,sell,350191321
'2025-05-24 12:18:50.555,0.22823,2436.838714,sell,350191324
'2025-05-24 12:18:50.558,0.22821,9286.70768,sell,350191327
'2025-05-24 12:18:50.577,0.2282,10.000001,sell,350191329
'2025-05-24 12:18:51.693,0.2282,1971.54459,sell,350191330
'2025-05-24 12:18:51.695,0.22817,96,sell,350191332
'2025-05-24 12:18:51.695,0.22816,11582.40136,sell,350191335
'2025-05-24 12:18:51.737,0.22815,10,sell,350191336
'2025-05-24 12:18:51.847,0.2281,10,sell,350191337
'2025-05-24 12:18:53.747,0.2281,10,sell,350191338
'2025-05-24 12:18:55.181,0.22812,262.986246,sell,350191339
'2025-05-24 12:18:55.183,0.2281,8010,sell,350191341
'2025-05-24 12:18:55.183,0.22809,12449,sell,350191342
'2025-05-24 12:18:55.184,0.22808,9762.460028,sell,350191346
'2025-05-24 12:18:55.186,0.22807,8282.148721,sell,350191349
'2025-05-24 12:18:55.186,0.22806,492.851279,sell,350191350
'2025-05-24 12:18:55.187,0.22806,2856.71667,sell,350191351
'2025-05-24 12:18:55.187,0.22806,7883.142983,sell,350191352
'2025-05-24 12:18:55.188,0.22806,48,sell,350191353
'2025-05-24 12:18:55.189,0.22805,10,sell,350191354
'2025-05-24 12:18:55.190,0.22804,17846.083439,sell,350191356
'2025-05-24 12:18:55.190,0.22803,21016.299009,sell,350191359
'2025-05-24 12:18:55.190,0.22802,21053.130289,sell,350191361
'2025-05-24 12:18:55.190,0.22802,2583.066167,sell,350191362
'2025-05-24 12:18:55.192,0.22802,8215.56052,sell,350191363
'2025-05-24 12:18:55.197,0.22803,8222.55984,sell,350191364
'2025-05-24 12:18:55.197,0.22801,1078.153217,sell,350191367
'2025-05-24 12:18:55.207,0.228,23196.93896,sell,350191372
'2025-05-24 12:18:55.207,0.22799,10139.269842,sell,350191373
'2025-05-24 12:18:55.771,0.22797,1100,buy,350191374
'2025-05-24 12:18:56.069,0.22796,650.164232,sell,350191375
'2025-05-24 12:18:56.069,0.22795,10,sell,350191376
'2025-05-24 12:18:56.653,0.22793,1831,sell,350191378
'2025-05-24 12:18:56.653,0.22793,109,sell,350191379
'2025-05-24 12:18:56.655,0.2279,10,sell,350191380
'2025-05-24 12:18:57.500,0.2279,10,buy,350191381
'2025-05-24 12:18:57.503,0.22794,5150,buy,350191382
'2025-05-24 12:18:57.614,0.22795,913.006289,buy,350191384
'2025-05-24 12:18:58.308,0.22797,246.448159,buy,350191385
'2025-05-24 12:18:58.459,0.228,10,buy,350191386
'2025-05-24 12:18:58.940,0.22802,11,buy,350191387
'2025-05-24 12:18:59.067,0.228,10,sell,350191388
'2025-05-24 12:18:59.102,0.228,1222.789669,buy,350191389
'2025-05-24 12:18:59.373,0.228,10,sell,350191390
'2025-05-24 12:19:01.939,0.22802,1565,buy,350191391
'2025-05-24 12:19:01.943,0.22802,1054.91914,buy,350191392
'2025-05-24 12:19:01.947,0.22802,0.000007,buy,350191393
'2025-05-24 12:19:02.202,0.22804,9725.670929,buy,350191394
'2025-05-24 12:19:02.207,0.22805,10,buy,350191395
'2025-05-24 12:19:05.037,0.22809,42.529965,buy,350191396
'2025-05-24 12:19:05.037,0.22809,42.529965,buy,350191397
'2025-05-24 12:19:05.037,0.22809,42.529965,buy,350191398
'2025-05-24 12:19:05.037,0.22809,42.529965,buy,350191399
'2025-05-24 12:19:05.037,0.22809,42.529965,buy,350191400
'2025-05-24 12:19:05.037,0.22809,42.529965,buy,350191401
'2025-05-24 12:19:05.037,0.22809,42.529965,buy,350191402
'2025-05-24 12:19:05.037,0.22809,42.529965,buy,350191403
'2025-05-24 12:19:05.037,0.22809,42.529965,buy,350191404
'2025-05-24 12:19:05.037,0.22809,42.529965,buy,350191405
'2025-05-24 12:19:05.037,0.22809,42.529965,buy,350191406
'2025-05-24 12:19:05.037,0.22809,42.529965,buy,350191407
'2025-05-24 12:19:05.037,0.22809,42.529965,buy,350191408
'2025-05-24 12:19:05.037,0.22809,42.529965,buy,350191409
'2025-05-24 12:19:05.037,0.22809,42.529965,buy,350191410
'2025-05-24 12:19:06.834,0.22811,3855.44128,sell,350191411
'2025-05-24 12:19:06.834,0.2281,3863.11296,sell,350191413
'2025-05-24 12:19:06.897,0.22805,10,sell,350191414
'2025-05-24 12:19:09.997,0.22804,4955.44128,sell,350191416
'2025-05-24 12:19:10.009,0.22801,15.000001,sell,350191417
'2025-05-24 12:19:10.014,0.22801,15.000001,sell,350191418
'2025-05-24 12:19:12.737,0.22805,1831,buy,350191420
'2025-05-24 12:19:12.737,0.22805,1694.966125,buy,350191421
'2025-05-24 12:19:12.991,0.22808,87.68853,buy,350191422
'2025-05-24 12:19:16.111,0.22806,4996,sell,350191423
'2025-05-24 12:19:17.725,0.22808,18179.458184,buy,350191425
'2025-05-24 12:19:17.909,0.22811,18.705061,sell,350191426
'2025-05-24 12:19:18.327,0.2281,10,sell,350191427
'2025-05-24 12:19:19.913,0.2281,10,sell,350191428
'2025-05-24 12:19:22.057,0.22808,4542.214847,buy,350191429
'2025-05-24 12:19:22.110,0.2281,10,buy,350191430
'2025-05-24 12:19:22.113,0.22812,108.913813,buy,350191431
'2025-05-24 12:19:24.770,0.2282,10,buy,350191432
'2025-05-24 12:19:24.772,0.22822,2654.477496,buy,350191434
'2025-05-24 12:19:24.774,0.22824,15299.795036,buy,350191438
'2025-05-24 12:19:24.929,0.22824,18733.653236,sell,350191443
'2025-05-24 12:19:26.396,0.22822,700.499605,sell,350191444
'2025-05-24 12:19:31.976,0.22824,2146.618336,sell,350191446
'2025-05-24 12:19:31.977,0.22821,2066.09869,sell,350191447
'2025-05-24 12:19:31.978,0.22821,7565.180899,sell,350191450
'2025-05-24 12:19:31.989,0.2282,10,sell,350191451
'2025-05-24 12:19:44.729,0.22827,108.803027,buy,350191452
'2025-05-24 12:19:45.929,0.22829,9006.789171,buy,350191454
'2025-05-24 12:19:48.323,0.22828,119,sell,350191455
'2025-05-24 12:19:51.310,0.22829,510.526315,sell,350191456
'2025-05-24 12:19:54.074,0.2283,9322.064487,buy,350191457
'2025-05-24 12:19:56.660,0.22833,3125.002052,buy,350191458
'2025-05-24 12:19:56.667,0.22835,10,buy,350191459
'2025-05-24 12:19:57.109,0.22835,1656.251087,sell,350191460
'2025-05-24 12:19:58.827,0.2283,10,sell,350191461
'2025-05-24 12:20:01.912,0.22828,130.30616,sell,350191463
'2025-05-24 12:20:06.031,0.22829,1970.773253,sell,350191464
'2025-05-24 12:20:06.032,0.22828,5845,sell,350191465
'2025-05-24 12:20:06.033,0.22827,41.1,sell,350191467
'2025-05-24 12:20:06.047,0.22826,2190.436554,sell,350191468
'2025-05-24 12:20:06.087,0.22825,10,sell,350191469
'2025-05-24 12:20:10.561,0.22822,26.196783,sell,350191470
'2025-05-24 12:20:11.068,0.22823,14.121062,buy,350191471
'2025-05-24 12:20:11.450,0.22823,43.815449,buy,350191472
'2025-05-24 12:20:12.298,0.22823,6602.623313,buy,350191473
'2025-05-24 12:20:12.299,0.22824,5116.2,buy,350191474
'2025-05-24 12:20:12.299,0.22825,2368.037743,buy,350191476
'2025-05-24 12:20:20.937,0.2283,10,buy,350191477
'2025-05-24 12:20:21.451,0.22831,1468.750965,sell,350191478
'2025-05-24 12:20:25.939,0.22835,10,buy,350191479
'2025-05-24 12:20:28.955,0.2284,1979.754569,sell,350191481
'2025-05-24 12:20:28.969,0.22835,10,sell,350191482
'2025-05-24 12:20:29.044,0.22833,1094,sell,350191483
'2025-05-24 12:20:29.044,0.22833,0.475089,sell,350191484
'2025-05-24 12:20:29.057,0.2283,10,sell,350191485
'2025-05-24 12:20:29.517,0.2283,10,buy,350191486
'2025-05-24 12:20:33.709,0.22831,1970.692951,sell,350191487
'2025-05-24 12:20:33.711,0.2283,10,sell,350191488
'2025-05-24 12:20:35.893,0.22829,640.625334,sell,350191489
'2025-05-24 12:20:35.907,0.22829,475.92,sell,350191490
'2025-05-24 12:20:36.857,0.2283,657.030223,buy,350191491
'2025-05-24 12:20:44.842,0.2284,10,buy,350191492
'2025-05-24 12:20:46.124,0.22841,756.519729,sell,350191493
'2025-05-24 12:20:48.643,0.22841,46.213684,sell,350191494
'2025-05-24 12:20:49.647,0.22842,108.695852,buy,350191495
'2025-05-24 12:20:50.909,0.22843,6419.60656,sell,350191498
'2025-05-24 12:20:51.277,0.22844,43.77517,buy,350191500
'2025-05-24 12:20:52.474,0.22844,130.084661,buy,350191501
'2025-05-24 12:20:52.826,0.22844,82,buy,350191502
'2025-05-24 12:20:52.852,0.22844,0.229707,buy,350191503
'2025-05-24 12:20:52.852,0.22845,10,buy,350191504
'2025-05-24 12:20:53.147,0.22846,765.998424,buy,350191505
'2025-05-24 12:20:57.876,0.22845,10,buy,350191506
'2025-05-24 12:20:58.137,0.22847,17044,buy,350191507
'2025-05-24 12:20:58.137,0.22848,15878.2225,buy,350191512
'2025-05-24 12:20:58.137,0.22849,17481.922166,buy,350191514
'2025-05-24 12:20:58.137,0.2285,9367.530007,buy,350191525
'2025-05-24 12:20:58.137,0.22851,33007.692163,buy,350191532
'2025-05-24 12:20:58.137,0.22852,43576.631947,buy,350191539
'2025-05-24 12:20:58.161,0.22851,9542.49984,sell,350191541
'2025-05-24 12:20:58.177,0.2285,10,sell,350191542
'2025-05-24 12:20:59.357,0.22846,203.512627,sell,350191543
'2025-05-24 12:21:00.160,0.22847,1831,sell,350191544
'2025-05-24 12:21:00.160,0.22847,138.233386,sell,350191545
'2025-05-24 12:21:00.162,0.22845,4157.59368,sell,350191548
'2025-05-24 12:21:00.163,0.22844,6286.193895,sell,350191549
'2025-05-24 12:21:00.268,0.22842,190.796229,sell,350191550
'2025-05-24 12:21:00.556,0.2284,1104.091903,sell,350191552
'2025-05-24 12:21:00.559,0.22839,1094.187675,sell,350191553
'2025-05-24 12:21:04.350,0.22835,10,buy,350191554
'2025-05-24 12:21:04.447,0.2284,10,buy,350191555
'2025-05-24 12:21:04.932,0.22844,3855.44128,sell,350191556
'2025-05-24 12:21:06.620,0.2284,10,buy,350191557
'2025-05-24 12:21:07.043,0.2284,10,sell,350191558
'2025-05-24 12:21:08.020,0.2284,51.927697,buy,350191559
'2025-05-24 12:21:11.498,0.22835,10,sell,350191560
'2025-05-24 12:21:11.784,0.22834,2846.65744,buy,350191561
'2025-05-24 12:21:12.498,0.22835,10,buy,350191562
'2025-05-24 12:21:18.876,0.22833,3439.03,buy,350191563
'2025-05-24 12:21:18.876,0.22834,1560.97,buy,350191564
'2025-05-24 12:21:27.425,0.22839,547.350599,buy,350191565
'2025-05-24 12:21:27.437,0.2284,10,buy,350191566
'2025-05-24 12:21:27.527,0.22844,15,buy,350191567
'2025-05-24 12:21:27.607,0.22845,10,buy,350191568
'2025-05-24 12:21:28.197,0.22845,10,sell,350191569
'2025-05-24 12:21:30.809,0.22845,10,buy,350191570
'2025-05-24 12:21:32.034,0.22847,30.656039,sell,350191571
'2025-05-24 12:21:40.329,0.22844,17044,buy,350191572
'2025-05-24 12:21:40.329,0.22845,15438.6,buy,350191575
'2025-05-24 12:21:40.329,0.22846,24777,buy,350191578
'2025-05-24 12:21:40.329,0.22847,25726.758973,buy,350191583
'2025-05-24 12:21:40.329,0.22848,49816.410746,buy,350191590
'2025-05-24 12:21:46.104,0.2285,10,buy,350191591
'2025-05-24 12:21:46.789,0.22854,13.853089,buy,350191592
'2025-05-24 12:21:47.148,0.22855,10,buy,350191593
'2025-05-24 12:21:47.423,0.22856,14.756841,buy,350191594
'2025-05-24 12:21:48.437,0.22855,10,sell,350191595
'2025-05-24 12:21:50.880,0.22855,28.522038,buy,350191596
'2025-05-24 12:21:53.195,0.22855,10,sell,350191597
'2025-05-24 12:21:57.147,0.22855,10,sell,350191598
'2025-05-24 12:21:57.187,0.2285,10,sell,350191599
'2025-05-24 12:21:59.843,0.2285,10,buy,350191600
'2025-05-24 12:22:00.204,0.22849,598.745015,sell,350191601
'2025-05-24 12:22:01.636,0.2285,10,buy,350191602
'2025-05-24 12:22:02.407,0.22845,25,sell,350191604
'2025-05-24 12:22:02.933,0.22845,10,buy,350191605
'2025-05-24 12:22:04.998,0.2285,10,buy,350191606
'2025-05-24 12:22:06.002,0.2285,10,sell,350191607
'2025-05-24 12:22:06.416,0.2285,10,buy,350191608
'2025-05-24 12:22:07.265,0.22852,43.91,buy,350191609
'2025-05-24 12:22:07.265,0.22853,2054.860135,buy,350191610
'2025-05-24 12:22:10.977,0.22855,10,buy,350191611
'2025-05-24 12:22:13.038,0.22857,87.500546,buy,350191613
'2025-05-24 12:22:14.005,0.22857,11.368508,buy,350191614
'2025-05-24 14:48:03.830,0.2283,886.040297,sell,350203902
'2025-05-24 14:48:04.028,0.22827,1002.528198,sell,350203903
'2025-05-24 14:48:04.028,0.22825,10,sell,350203904
'2025-05-24 14:48:06.066,0.22825,10,sell,350203905
'2025-05-24 14:48:09.837,0.22823,246.162393,sell,350203906
'2025-05-24 14:48:09.837,0.22822,9827.955151,sell,350203907
'2025-05-24 14:48:22.598,0.22822,1322.968441,sell,350203909
'2025-05-24 14:48:23.120,0.22823,105.771253,buy,350203910
'2025-05-24 14:48:23.120,0.22825,514.932034,buy,350203913
'2025-05-24 14:48:24.529,0.22825,10.07667,buy,350203914
'2025-05-24 14:48:27.154,0.22825,9026.788264,buy,350203916
'2025-05-24 14:48:27.154,0.22826,14647.88208,buy,350203917
'2025-05-24 14:48:30.370,0.22822,1096.329387,sell,350203918
'2025-05-24 14:48:31.887,0.2282,2000,sell,350203919
'2025-05-24 14:48:33.044,0.2282,10276,sell,350203920
'2025-05-24 14:48:33.187,0.22817,50,sell,350203921
'2025-05-24 14:48:42.462,0.22813,1972.586455,buy,350203922
'2025-05-24 14:48:42.462,0.22814,9204.102954,buy,350203924
'2025-05-24 14:48:42.463,0.22815,6708.361768,buy,350203928
'2025-05-24 14:48:42.464,0.22815,7574.667658,buy,350203930
'2025-05-24 14:48:42.464,0.22816,16118.635363,buy,350203933
'2025-05-24 14:48:42.464,0.22816,3490.501464,buy,350203934
'2025-05-24 14:48:42.465,0.22816,2500,buy,350203935
'2025-05-24 14:48:42.465,0.22817,12533.736137,buy,350203936
'2025-05-24 14:48:42.465,0.22817,12249.463401,buy,350203941
'2025-05-24 14:48:42.466,0.22818,7656.583806,buy,350203942
'2025-05-24 14:48:42.466,0.22818,2527.429286,buy,350203944
'2025-05-24 14:48:42.467,0.22818,10885.438339,buy,350203947
'2025-05-24 14:48:42.468,0.22819,6906.028321,buy,350203951
'2025-05-24 14:48:42.468,0.22819,9619.242957,buy,350203954
'2025-05-24 14:48:42.475,0.2282,2094.379979,buy,350203958
'2025-05-24 14:48:42.584,0.22822,58,buy,350203959
'2025-05-24 14:48:48.904,0.22817,13.87357,sell,350203960
'2025-05-24 14:48:51.971,0.22814,15.339439,buy,350203961
'2025-05-24 14:49:00.470,0.22811,15,sell,350203962
'2025-05-24 14:49:00.524,0.2281,10,sell,350203963
'2025-05-24 14:49:00.826,0.22809,5000,sell,350203964
'2025-05-24 14:49:00.943,0.22808,108.917927,sell,350203965
'2025-05-24 14:49:06.508,0.22808,11721.109644,buy,350203967
'2025-05-24 14:49:06.508,0.22808,1846.430496,buy,350203968
'2025-05-24 14:49:06.508,0.22809,1417,buy,350203969
'2025-05-24 14:49:06.508,0.22809,2229.716678,buy,350203970
'2025-05-24 14:49:06.514,0.2281,10,buy,350203971
'2025-05-24 14:49:07.624,0.22807,12954.00132,sell,350203974
'2025-05-24 14:49:07.624,0.22806,1128.10254,sell,350203975
'2025-05-24 14:49:07.624,0.22805,42927.896531,sell,350203981
'2025-05-24 14:49:07.624,0.22804,57277.606472,sell,350203982
'2025-05-24 14:49:08.594,0.22805,2000,sell,350203983
'2025-05-24 14:49:08.594,0.22805,1000,sell,350203984
'2025-05-24 14:49:10.517,0.22809,6334.236811,buy,350203987
'2025-05-24 14:49:10.517,0.2281,22736,buy,350203989
'2025-05-24 14:49:10.517,0.22811,9657.572748,buy,350203993
'2025-05-24 14:49:10.517,0.22812,39269.076777,buy,350203998
'2025-05-24 14:49:10.517,0.22813,8633.686108,buy,350204001
'2025-05-24 14:49:16.330,0.22809,2015.5,buy,350204002
'2025-05-24 14:49:16.330,0.2281,10,buy,350204003
'2025-05-24 14:49:16.456,0.22815,25,buy,350204005
'2025-05-24 14:49:20.714,0.22821,386.734586,buy,350204006
'2025-05-24 14:49:24.099,0.22819,5886.455,buy,350204007
'2025-05-24 14:49:24.294,0.2282,10,buy,350204008
'2025-05-24 14:49:25.939,0.22819,500,sell,350204009
'2025-05-24 14:49:26.132,0.2282,520,buy,350204010
'2025-05-24 14:49:26.132,0.22821,5668.3482,buy,350204012
'2025-05-24 14:49:28.954,0.2282,10,sell,350204013
'2025-05-24 14:50:14.103,0.22817,189.949598,sell,350204065
