ts,price,size,side,trade_id
'2025-05-21 19:35:29.690,2488.1,0.023154,buy,586718529
'2025-05-21 19:35:29.690,2488.29,0.0399,buy,586718530
'2025-05-21 19:35:29.690,2488.3,0.681,buy,586718531
'2025-05-21 19:35:29.690,2488.4,0.0001,buy,586718532
'2025-05-21 19:35:29.690,2488.41,0.08025,buy,586718534
'2025-05-21 19:35:29.690,2488.5,0.681,buy,586718535
'2025-05-21 19:35:29.690,2488.54,0.0999,buy,586718536
'2025-05-21 19:35:29.690,2488.56,0.000406,buy,586718537
'2025-05-21 19:35:29.690,2488.62,0.188174,buy,586718538
'2025-05-21 19:35:29.690,2488.63,1,buy,586718539
'2025-05-21 19:35:29.690,2488.65,0.36727,buy,586718540
'2025-05-21 19:35:30.989,2488.8,0.0001,buy,586718541
'2025-05-21 19:35:31.168,2488.8,0.0001,sell,586718542
'2025-05-21 19:35:31.168,2488.79,0.0001,sell,586718543
'2025-05-21 19:35:31.168,2488.63,0.01977,sell,586718544
'2025-05-21 19:35:31.168,2488.63,0.99323,sell,586718545
'2025-05-21 19:35:31.168,2488.61,0.00015,sell,586718546
'2025-05-21 19:35:31.168,2488.58,0.008,sell,586718547
'2025-05-21 19:35:31.168,2488.5,0.681,sell,586718548
'2025-05-21 19:35:31.168,2488.4,0.186127,sell,586718550
'2025-05-21 19:35:31.168,2488.39,2.655,sell,586718551
'2025-05-21 19:35:31.168,2488.36,0.00015,sell,586718552
'2025-05-21 19:35:31.168,2488.31,0.167963,sell,586718553
'2025-05-21 19:35:31.168,2488.31,0.312037,sell,586718554
'2025-05-21 19:35:31.168,2488.3,0.681,sell,586718555
'2025-05-21 19:35:31.171,2488.26,0.66,sell,586718557
'2025-05-21 19:35:31.171,2488.26,0.54,sell,586718558
'2025-05-21 19:35:31.171,2488.21,0.66,sell,586718559
'2025-05-21 19:35:31.171,2488.16,0.100036,sell,586718560
'2025-05-21 19:35:31.171,2488.13,0.57,sell,586718561
'2025-05-21 19:35:31.171,2488.12,0.4,sell,586718562
'2025-05-21 19:35:31.174,2488.09,0.803214,sell,586718563
'2025-05-21 19:35:31.174,2488.02,0.796786,sell,586718565
'2025-05-21 19:35:31.175,2488.02,0.447,sell,586718566
'2025-05-21 19:35:31.182,2488.02,0.598,sell,586718567
'2025-05-21 19:35:31.343,2488.21,3.138,buy,586718568
'2025-05-21 19:35:34.820,2488.8,3.786412,buy,586718577
'2025-05-21 19:35:34.820,2488.9,0.681,buy,586718578
'2025-05-21 19:35:34.820,2488.91,0.00015,buy,586718579
'2025-05-21 19:35:34.820,2488.96,1.840211,buy,586718580
'2025-05-21 19:35:37.264,2488.96,0.054426,buy,586718582
'2025-05-21 19:35:37.265,2489,0.002369,buy,586718583
'2025-05-21 19:35:38.330,2489.29,2.17075,sell,586718586
'2025-05-21 19:35:38.642,2489.29,0.884,sell,586718588
'2025-05-21 19:35:40.206,2489.3,0.084769,buy,586718589
'2025-05-21 19:35:40.682,2489.49,4.23183,buy,586718594
'2025-05-21 19:35:40.682,2489.5,0.681,buy,586718595
'2025-05-21 19:35:40.682,2489.6,0.6811,buy,586718597
'2025-05-21 19:35:40.682,2489.61,0.005638,buy,586718598
'2025-05-21 19:35:40.682,2489.66,0.00015,buy,586718599
'2025-05-21 19:35:40.682,2489.68,0.142572,buy,586718601
'2025-05-21 19:35:40.682,2489.7,0.187106,buy,586718602
'2025-05-21 19:35:40.682,2489.71,0.072666,buy,586718603
'2025-05-21 19:35:42.769,2489.48,0.0081,sell,586718605
'2025-05-21 19:35:42.769,2489.4,0.681,sell,586718606
'2025-05-21 19:35:42.769,2489.3,0.199195,sell,586718607
'2025-05-21 19:35:43.305,2489.3,0.2941,sell,586718610
'2025-05-21 19:35:43.363,2489.2,0.0001,sell,586718611
'2025-05-21 19:35:43.363,2489.02,0.186562,sell,586718612
'2025-05-21 19:35:43.363,2489.01,0.0404,sell,586718613
'2025-05-21 19:35:43.363,2489,1.372938,sell,586718614
'2025-05-21 19:35:43.368,2489,3.138,sell,586718615
'2025-05-21 19:35:46.941,2489.19,0.002,sell,586718616
'2025-05-21 19:35:47.640,2489.31,0.008,sell,586718617
'2025-05-21 19:35:49.068,2489.2,0.002,sell,586718618
'2025-05-21 19:35:49.152,2489.2,0.0061,sell,586718620
'2025-05-21 19:35:49.487,2488.87,0.019987,buy,586718621
'2025-05-21 19:35:49.715,2488.87,0.069188,buy,586718622
'2025-05-21 19:35:51.411,2488.86,0.002,sell,586718624
'2025-05-21 19:35:51.465,2488.87,0.00981,buy,586718625
'2025-05-21 19:35:51.549,2488.87,1.042121,buy,586718626
'2025-05-21 19:35:52.068,2488.86,0.001,sell,586718627
'2025-05-21 19:35:52.302,2488.87,0.000401,buy,586718628
'2025-05-21 19:35:52.904,2488.87,2.558675,buy,586718630
'2025-05-21 19:35:52.904,2488.9,0.681,buy,586718631
'2025-05-21 19:35:52.904,2489,0.681,buy,586718632
'2025-05-21 19:35:53.039,2489,0.437024,sell,586718633
'2025-05-21 19:35:53.039,2488.86,0.003976,sell,586718634
'2025-05-21 19:35:53.048,2488.86,0.094,sell,586718635
'2025-05-21 19:35:53.048,2488.8,0.147,sell,586718637
'2025-05-21 19:35:53.900,2488.8,1.124,sell,586718639
'2025-05-21 19:35:53.900,2488.79,0.06729,sell,586718640
'2025-05-21 19:35:53.900,2488.7,0.681,sell,586718641
'2025-05-21 19:35:53.902,2488.61,1.237183,sell,586718643
'2025-05-21 19:35:53.902,2488.6,0.084769,sell,586718644
'2025-05-21 19:35:53.902,2488.57,0.000406,sell,586718645
'2025-05-21 19:35:53.902,2488.56,0.401649,sell,586718646
'2025-05-21 19:35:53.902,2488.53,0.401622,sell,586718647
'2025-05-21 19:35:53.902,2488.49,0.0805,sell,586718648
'2025-05-21 19:35:53.902,2488.48,0.101163,sell,586718649
'2025-05-21 19:35:53.902,2488.46,0.005638,sell,586718650
'2025-05-21 19:35:53.902,2488.41,0.093281,sell,586718651
'2025-05-21 19:35:53.902,2488.4,2.6551,sell,586718653
'2025-05-21 19:35:53.902,2488.36,0.099706,sell,586718655
'2025-05-21 19:35:53.903,2488.27,1.122179,sell,586718656
'2025-05-21 19:35:53.903,2488.27,0.4,sell,586718657
'2025-05-21 19:35:53.905,2488.27,1.543367,sell,586718658
'2025-05-21 19:35:53.905,2488.24,0.056633,sell,586718659
'2025-05-21 19:35:53.905,2488.24,0.104067,sell,586718660
'2025-05-21 19:35:53.905,2488.18,1.703183,sell,586718663
'2025-05-21 19:35:53.905,2488.15,0.000606,sell,586718665
'2025-05-21 19:35:53.905,2488.13,1.14,sell,586718667
'2025-05-21 19:35:53.905,2488.12,0.1607,sell,586718668
'2025-05-21 19:35:53.905,2488.11,0.091444,sell,586718670
'2025-05-21 19:35:53.923,2488.25,0.000562,buy,586718671
'2025-05-21 19:35:53.923,2488.25,0.000562,buy,586718672
'2025-05-21 19:35:53.923,2488.25,0.000562,buy,586718673
'2025-05-21 19:35:53.923,2488.25,0.000562,buy,586718674
'2025-05-21 19:35:53.923,2488.25,0.000562,buy,586718675
'2025-05-21 19:35:53.923,2488.25,0.000562,buy,586718676
'2025-05-21 19:35:53.923,2488.25,0.000562,buy,586718677
'2025-05-21 19:35:53.923,2488.25,0.000562,buy,586718678
'2025-05-21 19:35:53.923,2488.25,0.000562,buy,586718679
'2025-05-21 19:35:53.923,2488.25,0.000562,buy,586718680
'2025-05-21 19:35:53.923,2488.25,0.000562,buy,586718681
'2025-05-21 19:35:53.923,2488.25,0.000562,buy,586718682
'2025-05-21 19:35:53.923,2488.25,0.000562,buy,586718683
'2025-05-21 19:35:53.923,2488.25,0.000562,buy,586718684
'2025-05-21 19:35:53.923,2488.25,0.000562,buy,586718685
'2025-05-21 19:35:53.923,2488.25,0.000562,buy,586718686
'2025-05-21 19:35:53.923,2488.25,0.000562,buy,586718687
'2025-05-21 19:35:53.923,2488.25,0.000562,buy,586718688
'2025-05-21 19:35:53.923,2488.25,0.000562,buy,586718689
'2025-05-21 19:35:53.923,2488.25,0.000562,buy,586718690
'2025-05-21 19:35:53.923,2488.25,0.000562,buy,586718691
'2025-05-21 19:35:53.923,2488.25,0.000562,buy,586718692
'2025-05-21 19:35:53.923,2488.25,0.000562,buy,586718693
'2025-05-21 19:35:53.923,2488.25,0.000562,buy,586718694
'2025-05-21 19:35:53.923,2488.25,0.000562,buy,586718695
'2025-05-21 19:35:53.923,2488.25,0.000562,buy,586718696
'2025-05-21 19:35:53.923,2488.25,0.000562,buy,586718697
'2025-05-21 19:35:53.923,2488.25,0.000562,buy,586718698
'2025-05-21 19:35:53.923,2488.25,0.000562,buy,586718699
'2025-05-21 19:35:53.923,2488.25,0.000562,buy,586718700
'2025-05-21 19:35:53.923,2488.25,0.000562,buy,586718701
'2025-05-21 19:35:53.924,2488.25,0.000562,buy,586718702
'2025-05-21 19:35:53.924,2488.25,0.000562,buy,586718703
'2025-05-21 19:35:53.924,2488.25,0.000562,buy,586718704
'2025-05-21 19:35:53.924,2488.25,0.000562,buy,586718705
'2025-05-21 19:35:53.924,2488.25,0.000562,buy,586718706
'2025-05-21 19:35:53.924,2488.25,0.000562,buy,586718707
'2025-05-21 19:35:53.924,2488.25,0.000562,buy,586718708
'2025-05-21 19:35:53.924,2488.25,0.000562,buy,586718709
'2025-05-21 19:35:53.924,2488.25,0.000562,buy,586718710
'2025-05-21 19:35:53.924,2488.25,0.000562,buy,586718711
'2025-05-21 19:35:53.924,2488.25,0.000562,buy,586718712
'2025-05-21 19:35:53.924,2488.25,0.000562,buy,586718713
'2025-05-21 19:35:53.924,2488.25,0.000562,buy,586718714
'2025-05-21 19:35:53.924,2488.25,0.000562,buy,586718715
'2025-05-21 19:35:53.924,2488.25,0.000562,buy,586718716
'2025-05-21 19:35:53.924,2488.25,0.000562,buy,586718717
'2025-05-21 19:35:53.924,2488.25,0.000562,buy,586718718
'2025-05-21 19:35:53.924,2488.25,0.000562,buy,586718719
'2025-05-21 19:35:53.924,2488.25,0.000562,buy,586718720
'2025-05-21 19:35:53.924,2488.25,0.000562,buy,586718721
'2025-05-21 19:35:53.938,2488.25,0.13566,buy,586718722
'2025-05-21 19:35:54.946,2488.24,0.0001,sell,586718723
'2025-05-21 19:35:54.946,2488.18,0.020443,sell,586718724
'2025-05-21 19:35:55.067,2488,2.487296,sell,586718729
'2025-05-21 19:35:55.067,2487.99,0.276684,sell,586718731
'2025-05-21 19:35:55.067,2487.94,0.000406,sell,586718732
'2025-05-21 19:35:55.067,2487.9,0.084769,sell,586718733
'2025-05-21 19:35:55.067,2487.81,0.04664,sell,586718734
'2025-05-21 19:35:55.067,2487.8,0.549205,sell,586718735
'2025-05-21 19:35:55.238,2487.91,0.401737,buy,586718736
'2025-05-21 19:35:55.238,2487.91,0.401767,buy,586718737
'2025-05-21 19:35:55.284,2487.91,7.422426,buy,586718740
'2025-05-21 19:35:55.786,2488,0.125953,buy,586718741
'2025-05-21 19:35:56.764,2487.92,0.008,buy,586718742
'2025-05-21 19:35:57.278,2488,0.0081,buy,586718744
'2025-05-21 19:35:57.441,2488.25,0.002733,buy,586718745
'2025-05-21 19:35:57.513,2488.39,0.679649,sell,586718746
'2025-05-21 19:35:57.542,2488.4,0.008035,buy,586718747
'2025-05-21 19:35:58.059,2488.41,0.278,buy,586718748
'2025-05-21 19:36:00.208,2488.1,0.029251,sell,586718749
'2025-05-21 19:36:00.419,2488.11,0.001,buy,586718750
'2025-05-21 19:36:00.427,2488.11,0.007,buy,586718751
'2025-05-21 19:36:00.984,2488.4,0.000177,buy,586718753
'2025-05-21 19:36:01.007,2488.4,0.007923,buy,586718754
'2025-05-21 19:36:01.052,2488.6,0.084769,buy,586718755
'2025-05-21 19:36:01.137,2488.8,0.0001,buy,586718756
'2025-05-21 19:36:01.306,2489,1.089404,buy,586718759
'2025-05-21 19:36:01.306,2489.1,0.681,buy,586718760
'2025-05-21 19:36:01.306,2489.18,0.000406,buy,586718761
'2025-05-21 19:36:01.306,2489.19,0.0402,buy,586718762
'2025-05-21 19:36:01.306,2489.2,0.533394,buy,586718764
'2025-05-21 19:36:02.518,2489.17,0.059288,sell,586718765
'2025-05-21 19:36:02.535,2489.18,0.008,buy,586718766
'2025-05-21 19:36:02.535,2489.2,0.0001,buy,586718767
'2025-05-21 19:36:02.537,2489.3,0.084769,buy,586718768
'2025-05-21 19:36:03.491,2489.6,3.588362,buy,586718775
'2025-05-21 19:36:03.491,2489.6,0.708883,buy,586718776
'2025-05-21 19:36:03.491,2489.61,0.005638,buy,586718777
'2025-05-21 19:36:04.048,2489.6,0.0403,sell,586718780
'2025-05-21 19:36:05.438,2489.4,0.008,buy,586718781
'2025-05-21 19:36:06.243,2489.71,0.005108,buy,586718782
'2025-05-21 19:36:06.244,2489.71,0.005108,buy,586718783
'2025-05-21 19:36:06.248,2489.71,0.010214,buy,586718784
'2025-05-21 19:36:06.377,2489.9,0.019375,buy,586718786
'2025-05-21 19:36:06.530,2489.99,0.002041,buy,586718787
'2025-05-21 19:36:06.530,2490,2.80582,buy,586718793
'2025-05-21 19:36:07.029,2490.29,0.001073,buy,586718794
'2025-05-21 19:36:07.031,2490.3,0.681,buy,586718795
'2025-05-21 19:36:07.034,2490.4,0.0001,buy,586718796
'2025-05-21 19:36:07.303,2490.7,0.084769,buy,586718797
'2025-05-21 19:36:07.303,2490.76,0.005638,buy,586718798
'2025-05-21 19:36:07.306,2490.8,0.0001,buy,586718799
'2025-05-21 19:36:07.306,2490.89,0.0401,buy,586718800
'2025-05-21 19:36:07.901,2491,0.111134,buy,586718802
'2025-05-21 19:36:07.901,2491,0.091992,buy,586718803
'2025-05-21 19:36:07.901,2491.01,0.00144,buy,586718804
'2025-05-21 19:36:07.903,2491.17,0.010703,buy,586718805
'2025-05-21 19:36:08.319,2491.2,0.01947,buy,586718808
'2025-05-21 19:36:08.320,2491.2,0.000005,buy,586718809
'2025-05-21 19:36:08.328,2491.3,0.002041,buy,586718810
'2025-05-21 19:36:08.347,2491.4,0.084769,buy,586718811
'2025-05-21 19:36:09.998,2491.5,0.022111,buy,586718813
'2025-05-21 19:36:10.042,2491.59,0.01997,sell,586718814
'2025-05-21 19:36:10.045,2491.59,0.01997,sell,586718815
'2025-05-21 19:36:10.045,2491.59,0.4,sell,586718817
'2025-05-21 19:36:10.045,2491.59,5.94471,sell,586718823
'2025-05-21 19:36:11.839,2491.6,0.039197,buy,586718825
'2025-05-21 19:36:12.221,2491.92,0.005638,buy,586718826
'2025-05-21 19:36:12.292,2492,1.209461,buy,586718831
'2025-05-21 19:36:12.478,2492.03,4.996,sell,586718835
'2025-05-21 19:36:12.709,2492.03,0.108377,sell,586718838
'2025-05-21 19:36:12.804,2492.04,0.01997,buy,586718839
'2025-05-21 19:36:12.891,2492.04,0.08303,buy,586718840
'2025-05-21 19:36:13.251,2492.1,0.084769,buy,586718841
'2025-05-21 19:36:13.258,2492.22,0.0379,buy,586718842
'2025-05-21 19:36:13.533,2492.39,0.008,sell,586718843
'2025-05-21 19:36:14.010,2492.4,0.002404,buy,586718845
'2025-05-21 19:36:14.098,2492.4,0.068077,buy,586718846
'2025-05-21 19:36:14.403,2492.5,0.019375,buy,586718848
'2025-05-21 19:36:15.794,2492.58,0.01997,buy,586718850
'2025-05-21 19:36:15.794,2492.58,4.197517,buy,586718853
'2025-05-21 19:36:15.794,2492.59,0.417143,buy,586718854
'2025-05-21 19:36:15.794,2492.6,0.28586,buy,586718856
'2025-05-21 19:36:15.794,2492.6,0.397181,buy,586718857
'2025-05-21 19:36:15.796,2492.6,3.138,buy,586718858
'2025-05-21 19:36:15.796,2492.66,0.000876,buy,586718859
'2025-05-21 19:36:15.796,2492.68,0.013393,buy,586718865
'2025-05-21 19:36:15.796,2492.69,0.00144,buy,586718866
'2025-05-21 19:36:15.796,2492.7,0.00063,buy,586718868
'2025-05-21 19:36:15.796,2492.71,0.000941,buy,586718869
'2025-05-21 19:36:15.796,2492.72,0.006807,buy,586718872
'2025-05-21 19:36:15.796,2492.73,0.00056,buy,586718873
'2025-05-21 19:36:15.796,2492.74,0.000405,buy,586718874
'2025-05-21 19:36:15.796,2492.75,0.001383,buy,586718875
'2025-05-21 19:36:15.796,2492.77,0.04201,buy,586718877
'2025-05-21 19:36:15.796,2492.79,0.256799,buy,586718878
'2025-05-21 19:36:15.796,2492.8,0.087182,buy,586718882
'2025-05-21 19:36:15.796,2492.83,0.60471,buy,586718883
'2025-05-21 19:36:15.797,2492.85,0.289036,buy,586718887
'2025-05-21 19:36:15.798,2492.87,0.437382,buy,586718889
'2025-05-21 19:36:15.798,2492.89,0.0802,buy,586718890
'2025-05-21 19:36:15.800,2492.92,0.09781,buy,586718891
'2025-05-21 19:36:15.800,2492.93,0.00626,buy,586718894
'2025-05-21 19:36:15.800,2492.94,0.002504,buy,586718896
'2025-05-21 19:36:15.800,2492.95,0.000407,buy,586718897
'2025-05-21 19:36:15.998,2492.88,0.008,sell,586718898
'2025-05-21 19:36:16.338,2492.8,0.001,sell,586718901
'2025-05-21 19:36:16.347,2492.8,0.0072,sell,586718902
'2025-05-21 19:36:16.486,2492.69,0.00046,sell,586718903
'2025-05-21 19:36:18.448,2492.92,0.002,buy,586718904
'2025-05-21 19:36:18.448,2492.95,0.000405,buy,586718905
'2025-05-21 19:36:18.448,2492.98,0.001326,buy,586718906
'2025-05-21 19:36:18.448,2492.99,0.000687,buy,586718908
'2025-05-21 19:36:18.448,2493,0.015552,buy,586718913
'2025-05-21 19:36:18.450,2493,0.102124,buy,586718927
'2025-05-21 19:36:18.450,2493.02,0.001294,buy,586718928
'2025-05-21 19:36:18.450,2493.03,0.000848,buy,586718929
'2025-05-21 19:36:18.450,2493.04,0.602568,buy,586718930
'2025-05-21 19:36:18.450,2493.04,9.397432,buy,586718931
'2025-05-21 19:36:18.450,2493.05,0.00047,buy,586718932
'2025-05-21 19:36:18.450,2493.07,0.005638,buy,586718933
'2025-05-21 19:36:18.450,2493.08,0.010404,buy,586718935
'2025-05-21 19:36:18.450,2493.09,0.962051,buy,586718938
'2025-05-21 19:36:18.450,2493.11,0.000388,buy,586718939
'2025-05-21 19:36:18.450,2493.14,0.003414,buy,586718942
'2025-05-21 19:36:18.450,2493.18,0.005776,buy,586718945
'2025-05-21 19:36:18.451,2493.19,0.129728,buy,586718949
'2025-05-21 19:36:18.451,2493.2,0.0001,buy,586718950
'2025-05-21 19:36:18.451,2493.21,1.018317,buy,586719037
'2025-05-21 19:36:18.451,2493.21,0.314639,buy,586719102
'2025-05-21 19:36:18.451,2493.22,0.000949,buy,586719103
'2025-05-21 19:36:18.451,2493.23,0.000994,buy,586719104
'2025-05-21 19:36:18.451,2493.25,0.000756,buy,586719105
'2025-05-21 19:36:18.451,2493.26,0.012125,buy,586719106
'2025-05-21 19:36:18.451,2493.27,0.001219,buy,586719107
'2025-05-21 19:36:18.451,2493.28,0.000148,buy,586719108
'2025-05-21 19:36:18.452,2493.29,0.001191,buy,586719109
'2025-05-21 19:36:18.455,2493.32,0.00248,buy,586719110
'2025-05-21 19:36:18.455,2493.33,1.3684,buy,586719197
'2025-05-21 19:36:18.455,2493.33,0.002486,buy,586719198
'2025-05-21 19:36:18.455,2493.34,0.430084,buy,586719201
'2025-05-21 19:36:18.458,2493.32,0.001,buy,586719202
'2025-05-21 19:36:18.484,2493.31,0.00689,sell,586719203
'2025-05-21 19:36:18.665,2493.31,0.002439,sell,586719204
'2025-05-21 19:36:18.709,2493.31,0.935537,sell,586719205
'2025-05-21 19:36:19.368,2493.31,0.0081,sell,586719207
'2025-05-21 19:36:19.599,2493.2,0.0001,sell,586719208
'2025-05-21 19:36:19.599,2493.01,0.0009,sell,586719209
'2025-05-21 19:36:20.369,2492.82,0.002,sell,586719210
'2025-05-21 19:36:20.485,2492.82,0.00285,sell,586719211
'2025-05-21 19:36:20.987,2492.82,0.00325,sell,586719213
'2025-05-21 19:36:20.987,2492.8,0.0001,sell,586719214
'2025-05-21 19:36:21.511,2492.4,0.0081,sell,586719216
'2025-05-21 19:36:21.518,2492.22,0.0001,buy,586719217
'2025-05-21 19:36:22.059,2492.11,0.010569,buy,586719218
'2025-05-21 19:36:23.333,2492.5,0.008,sell,586719219
'2025-05-21 19:36:23.333,2492.49,0.0001,sell,586719220
'2025-05-21 19:36:23.344,2492.4,0.0001,sell,586719221
'2025-05-21 19:36:23.344,2492.31,0.0019,sell,586719222
'2025-05-21 19:36:23.351,2492.13,0.584996,sell,586719223
'2025-05-21 19:36:23.352,2492.1,0.152846,sell,586719225
'2025-05-21 19:36:23.451,2492,0.002504,sell,586719227
'2025-05-21 19:36:23.496,2491.92,0.002504,sell,586719228
'2025-05-21 19:36:23.629,2491.92,0.011134,sell,586719230
'2025-05-21 19:36:23.638,2491.78,0.321025,sell,586719231
'2025-05-21 19:36:23.708,2491.6,0.0001,sell,586719232
'2025-05-21 19:36:23.708,2491.5,0.001673,sell,586719233
'2025-05-21 19:36:23.713,2491.4,0.084769,sell,586719234
'2025-05-21 19:36:23.718,2491.31,0.0001,buy,586719235
'2025-05-21 19:36:23.817,2491.3,0.002041,sell,586719236
'2025-05-21 19:36:23.817,2491.26,0.002107,sell,586719237
'2025-05-21 19:36:24.060,2491.2,0.027475,sell,586719241
'2025-05-21 19:36:24.280,2491.01,0.00144,sell,586719242
'2025-05-21 19:36:24.281,2491,0.002404,sell,586719243
'2025-05-21 19:36:24.351,2490.8,0.0001,sell,586719244
'2025-05-21 19:36:24.351,2490.76,0.005638,sell,586719245
'2025-05-21 19:36:24.359,2490.7,0.084769,sell,586719246
'2025-05-21 19:36:24.359,2490.6,10,sell,586719247
'2025-05-21 19:36:24.365,2490.55,0.000744,sell,586719248
'2025-05-21 19:36:24.365,2490.49,0.0379,sell,586719249
'2025-05-21 19:36:24.365,2490.45,0.000405,sell,586719250
'2025-05-21 19:36:24.365,2490.43,0.000744,sell,586719251
'2025-05-21 19:36:24.365,2490.4,0.0001,sell,586719252
'2025-05-21 19:36:24.365,2490.38,0.000744,sell,586719253
'2025-05-21 19:36:24.365,2490.36,0.00015,sell,586719254
'2025-05-21 19:36:24.365,2490.3,0.000744,sell,586719255
'2025-05-21 19:36:24.365,2490.29,0.001073,sell,586719256
'2025-05-21 19:36:24.365,2490.28,0.392667,sell,586719257
'2025-05-21 19:36:24.365,2490.24,0.000405,sell,586719258
'2025-05-21 19:36:24.365,2490.11,0.00015,sell,586719259
'2025-05-21 19:36:24.365,2490.04,0.005174,sell,586719260
'2025-05-21 19:36:24.365,2490.04,0.414826,sell,586719261
'2025-05-21 19:36:24.365,2490.03,0.026174,sell,586719262
'2025-05-21 19:36:24.365,2490.03,0.441,sell,586719263
'2025-05-21 19:36:24.365,2490.03,0.441,sell,586719264
'2025-05-21 19:36:24.440,2490.19,0.000312,buy,586719265
'2025-05-21 19:36:24.876,2490.18,0.028514,sell,586719268
'2025-05-21 19:36:26.548,2490.4,0.286,buy,586719270
'2025-05-21 19:36:26.570,2490.39,0.096612,sell,586719272
'2025-05-21 19:36:27.509,2490.79,4.044,buy,586719275
'2025-05-21 19:36:27.509,2490.8,0.6811,buy,586719277
'2025-05-21 19:36:27.509,2490.9,0.198611,buy,586719278
'2025-05-21 19:36:27.645,2490.78,0.001,sell,586719279
'2025-05-21 19:36:27.905,2490.79,0.004736,buy,586719280
'2025-05-21 19:36:27.905,2490.8,0.0001,buy,586719281
'2025-05-21 19:36:27.906,2490.98,0.04,buy,586719282
'2025-05-21 19:36:27.906,2491.1,0.038615,buy,586719283
'2025-05-21 19:36:27.907,2491.1,0.041485,buy,586719284
'2025-05-21 19:36:27.907,2491.12,0.064206,buy,586719285
'2025-05-21 19:36:27.907,2491.13,0.762533,buy,586719286
'2025-05-21 19:36:27.908,2491.13,0.04,buy,586719287
'2025-05-21 19:36:27.908,2491.2,0.436,buy,586719290
'2025-05-21 19:36:27.909,2491.2,0.1641,buy,586719291
'2025-05-21 19:36:27.909,2491.23,0.1151,buy,586719292
'2025-05-21 19:36:27.909,2491.25,0.6,buy,586719294
'2025-05-21 19:36:27.911,2491.3,0.6,buy,586719296
'2025-05-21 19:36:27.911,2491.32,1.203799,buy,586719297
'2025-05-21 19:36:27.911,2491.35,0.1605,buy,586719298
'2025-05-21 19:36:27.930,2491.37,0.01997,sell,586719299
'2025-05-21 19:36:28.065,2491.39,4.228076,sell,586719302
'2025-05-21 19:36:28.065,2491.2,0.0402,sell,586719303
'2025-05-21 19:36:28.065,2491.14,2.655,sell,586719304
'2025-05-21 19:36:28.065,2491.11,0.00015,sell,586719305
'2025-05-21 19:36:28.065,2491.08,0.0803,sell,586719306
'2025-05-21 19:36:28.065,2491.05,0.802226,sell,586719307
'2025-05-21 19:36:28.065,2490.98,0.248014,sell,586719308
'2025-05-21 19:36:28.065,2490.97,2.655,sell,586719309
'2025-05-21 19:36:28.065,2490.95,0.1155,sell,586719310
'2025-05-21 19:36:28.065,2490.93,0.3726,sell,586719311
'2025-05-21 19:36:28.065,2490.9,0.0244,sell,586719312
'2025-05-21 19:36:28.065,2490.9,0.441,sell,586719313
'2025-05-21 19:36:28.065,2490.9,0.2156,sell,586719314
'2025-05-21 19:36:28.065,2490.89,0.1814,sell,586719315
'2025-05-21 19:36:28.065,2490.89,0.042,sell,586719316
'2025-05-21 19:36:28.066,2490.89,0.397,sell,586719317
'2025-05-21 19:36:28.066,2490.89,0.617,sell,586719318
'2025-05-21 19:36:28.066,2490.89,0.358233,sell,586719319
'2025-05-21 19:36:28.070,2490.8,0.0001,sell,586719320
'2025-05-21 19:36:28.070,2490.79,0.050667,sell,586719321
'2025-05-21 19:36:28.071,2490.79,0.049333,sell,586719322
'2025-05-21 19:36:28.071,2490.78,0.008,sell,586719323
'2025-05-21 19:36:28.071,2490.7,0.681,sell,586719324
'2025-05-21 19:36:28.071,2490.69,0.046,sell,586719325
'2025-05-21 19:36:28.071,2490.67,1.203414,sell,586719326
'2025-05-21 19:36:28.071,2490.6,0.681,sell,586719327
'2025-05-21 19:36:28.072,2490.6,1.665077,buy,586719328
'2025-05-21 19:36:28.075,2490.79,0.01997,buy,586719329
'2025-05-21 19:36:28.079,2490.78,1.666952,sell,586719331
'2025-05-21 19:36:28.079,2490.78,1.666952,sell,586719333
'2025-05-21 19:36:28.082,2490.78,0.346048,sell,586719334
'2025-05-21 19:36:28.084,2490.77,0.908987,buy,586719335
'2025-05-21 19:36:28.492,2490.9,0.00066,sell,586719336
'2025-05-21 19:36:29.021,2490.9,0.18,sell,586719338
'2025-05-21 19:36:30.390,2490.9,0.0081,sell,586719340
'2025-05-21 19:36:30.396,2490.8,0.0001,sell,586719341
'2025-05-21 19:36:30.403,2490.59,0.0029,sell,586719342
'2025-05-21 19:36:30.453,2490.41,0.005,buy,586719343
'2025-05-21 19:36:30.557,2490.4,0.05949,sell,586719344
'2025-05-21 19:36:31.666,2490.99,0.0239,sell,586719345
'2025-05-21 19:36:31.703,2490.99,0.647409,sell,586719346
'2025-05-21 19:36:34.702,2491.39,0.0081,sell,586719348
'2025-05-21 19:36:34.707,2491.21,0.0001,buy,586719349
'2025-05-21 19:36:34.717,2491.2,0.0001,sell,586719350
'2025-05-21 19:36:34.717,2491.01,0.0059,sell,586719351
'2025-05-21 19:36:35.020,2490.91,0.371611,sell,586719352
'2025-05-21 19:36:35.020,2490.9,0.020438,sell,586719353
'2025-05-21 19:36:35.032,2490.81,0.072767,buy,586719354
'2025-05-21 19:36:36.623,2490.81,0.113,buy,586719355
'2025-05-21 19:36:37.365,2490.81,0.109196,buy,586719356
'2025-05-21 19:36:38.768,2490.81,0.05,buy,586719357
'2025-05-21 19:36:39.069,2490.81,0.03669,buy,586719358
'2025-05-21 19:36:39.305,2490.8,0.0081,sell,586719360
'2025-05-21 19:36:39.312,2490.61,0.0403,sell,586719361
'2025-05-21 19:36:39.312,2490.58,0.432709,sell,586719362
'2025-05-21 19:36:39.325,2490.45,0.000405,sell,586719363
'2025-05-21 19:36:39.325,2490.4,0.001595,sell,586719365
'2025-05-21 19:36:39.410,2490.4,0.0001,sell,586719366
'2025-05-21 19:36:39.410,2490.39,0.2,sell,586719367
'2025-05-21 19:36:39.498,2490,0.088946,sell,586719371
'2025-05-21 19:36:40.088,2490,2.470041,buy,586719372
'2025-05-21 19:36:40.090,2490,1.940859,buy,586719374
'2025-05-21 19:36:40.713,2490.6,0.000419,buy,586719375
'2025-05-21 19:36:40.713,2490.6,0.000419,buy,586719376
'2025-05-21 19:36:40.713,2490.6,0.000419,buy,586719377
'2025-05-21 19:36:40.713,2490.6,0.000419,buy,586719378
'2025-05-21 19:36:40.713,2490.6,0.000319,buy,586719379
'2025-05-21 19:36:41.333,2490.7,0.200723,buy,586719381
'2025-05-21 19:36:41.481,2490.7,1.3559,buy,586719382
'2025-05-21 19:36:41.558,2490.8,1.356,buy,586719384
'2025-05-21 19:36:41.583,2490.9,0.00473,buy,586719385
'2025-05-21 19:36:41.586,2490.9,0.000682,buy,586719386
'2025-05-21 19:36:41.830,2491,0.01997,buy,586719388
'2025-05-21 19:36:41.830,2491,3.120434,buy,586719389
'2025-05-21 19:36:41.836,2491.19,0.01997,buy,586719390
'2025-05-21 19:36:41.836,2491.19,0.01993,buy,586719391
'2025-05-21 19:36:41.836,2491.2,0.0001,buy,586719392
'2025-05-21 19:36:41.836,2491.27,0.000406,buy,586719393
'2025-05-21 19:36:41.836,2491.29,0.000289,buy,586719394
'2025-05-21 19:36:41.836,2491.3,0.019275,buy,586719395
'2025-05-21 19:36:42.909,2491.21,0.01997,buy,586719396
'2025-05-21 19:36:42.911,2491.21,0.000426,buy,586719397
'2025-05-21 19:36:42.911,2491.4,0.019544,buy,586719398
'2025-05-21 19:36:42.913,2491.4,0.105125,buy,586719400
'2025-05-21 19:36:46.063,2491.5,0.000527,buy,586719401
'2025-05-21 19:36:46.063,2491.5,0.000527,buy,586719402
'2025-05-21 19:36:46.063,2491.5,0.000527,buy,586719403
'2025-05-21 19:36:46.063,2491.5,0.000527,buy,586719405
'2025-05-21 19:36:46.063,2491.5,0.000527,buy,586719406
'2025-05-21 19:36:46.063,2491.5,0.000527,buy,586719407
'2025-05-21 19:36:46.063,2491.5,0.000527,buy,586719408
'2025-05-21 19:36:46.063,2491.5,0.000527,buy,586719409
'2025-05-21 19:36:46.063,2491.5,0.000527,buy,586719410
'2025-05-21 19:36:46.063,2491.5,0.000527,buy,586719411
'2025-05-21 19:36:46.063,2491.5,0.000527,buy,586719412
'2025-05-21 19:36:46.063,2491.5,0.000527,buy,586719413
'2025-05-21 19:36:46.063,2491.5,0.000527,buy,586719414
'2025-05-21 19:36:46.063,2491.5,0.000527,buy,586719415
'2025-05-21 19:36:46.063,2491.5,0.000527,buy,586719416
'2025-05-21 19:36:46.063,2491.5,0.000527,buy,586719417
'2025-05-21 19:36:46.063,2491.5,0.000527,buy,586719418
'2025-05-21 19:36:46.063,2491.5,0.000527,buy,586719419
'2025-05-21 19:36:46.063,2491.5,0.000527,buy,586719420
'2025-05-21 19:36:46.063,2491.5,0.000527,buy,586719421
'2025-05-21 19:36:46.063,2491.5,0.000527,buy,586719422
'2025-05-21 19:36:46.063,2491.5,0.000527,buy,586719423
'2025-05-21 19:36:46.063,2491.5,0.000527,buy,586719424
'2025-05-21 19:36:46.063,2491.5,0.000527,buy,586719425
'2025-05-21 19:36:46.063,2491.5,0.000527,buy,586719426
'2025-05-21 19:36:47.063,2491.5,0.044984,buy,586719427
'2025-05-21 19:36:47.262,2491.5,0.142484,buy,586719428
'2025-05-21 19:36:48.194,2491.61,0.034331,buy,586719429
'2025-05-21 19:36:49.710,2491.92,0.005638,buy,586719430
'2025-05-21 19:36:49.893,2492,0.002504,buy,586719432
'2025-05-21 19:36:50.166,2492.1,0.084769,buy,586719433
'2025-05-21 19:36:50.337,2492.39,0.007,sell,586719434
'2025-05-21 19:36:50.637,2492.4,0.0001,buy,586719435
'2025-05-21 19:36:50.637,2492.5,0.000302,buy,586719436
'2025-05-21 19:36:51.126,2492.5,0.087193,buy,586719439
'2025-05-21 19:36:52.248,2492.58,0.021491,buy,586719441
'2025-05-21 19:36:52.249,2492.6,0.002041,buy,586719442
'2025-05-21 19:36:52.254,2492.69,0.00144,buy,586719443
'2025-05-21 19:36:52.278,2492.8,0.08486,buy,586719445
'2025-05-21 19:36:52.337,2492.79,0.687198,sell,586719446
'2025-05-21 19:36:52.641,2492.8,0.000009,buy,586719447
'2025-05-21 19:36:52.641,2492.92,3.137991,buy,586719448
'2025-05-21 19:36:52.645,2492.92,0.916702,buy,586719449
'2025-05-21 19:36:52.648,2492.93,0.0399,buy,586719450
'2025-05-21 19:36:52.718,2493,0.004077,buy,586719452
'2025-05-21 19:36:52.821,2493.06,2.052649,sell,586719455
'2025-05-21 19:36:54.097,2493.07,0.005,buy,586719456
'2025-05-21 19:36:55.047,2493.07,0.000638,buy,586719457
'2025-05-21 19:36:55.047,2493.16,0.000405,buy,586719458
'2025-05-21 19:36:55.047,2493.19,0.002,buy,586719459
'2025-05-21 19:36:55.047,2493.2,0.0001,buy,586719460
'2025-05-21 19:36:55.059,2493.26,0.0398,buy,586719461
'2025-05-21 19:36:55.063,2493.35,0.027845,buy,586719463
'2025-05-21 19:36:55.064,2493.42,0.001259,buy,586719465
'2025-05-21 19:36:55.064,2493.44,0.001741,buy,586719466
'2025-05-21 19:36:55.064,2493.44,0.000608,buy,586719468
'2025-05-21 19:36:55.064,2493.47,0.001865,buy,586719470
'2025-05-21 19:36:55.064,2493.48,0.000957,buy,586719471
'2025-05-21 19:36:55.064,2493.5,0.09957,buy,586719475
'2025-05-21 19:36:56.516,2493.42,0.00998,sell,586719477
'2025-05-21 19:36:58.498,2493.43,0.00122,buy,586719478
'2025-05-21 19:36:58.744,2493.43,0.0158,buy,586719479
'2025-05-21 19:36:58.749,2493.43,2.518099,buy,586719485
'2025-05-21 19:36:58.750,2493.43,0.826132,buy,586719487
'2025-05-21 19:36:59.274,2493.46,0.89617,buy,586719490
'2025-05-21 19:36:59.448,2493.5,0.02088,buy,586719492
'2025-05-21 19:36:59.598,2493.5,0.000008,buy,586719493
'2025-05-21 19:36:59.598,2493.51,0.000705,buy,586719495
'2025-05-21 19:36:59.598,2493.52,0.000287,buy,586719496
'2025-05-21 19:37:00.263,2493.52,0.001892,buy,586719497
'2025-05-21 19:37:00.263,2493.53,0.004399,buy,586719498
'2025-05-21 19:37:00.263,2493.54,0.002647,buy,586719499
'2025-05-21 19:37:00.263,2493.56,0.000458,buy,586719500
'2025-05-21 19:37:00.263,2493.58,0.004553,buy,586719504
'2025-05-21 19:37:00.265,2493.6,0.001155,buy,586719506
'2025-05-21 19:37:00.265,2493.65,0.005869,buy,586719507
'2025-05-21 19:37:00.265,2493.67,0.000928,buy,586719508
'2025-05-21 19:37:00.265,2493.69,0.002236,buy,586719509
'2025-05-21 19:37:00.265,2493.7,0.203876,buy,586719511
'2025-05-21 19:37:00.265,2493.71,0.045464,buy,586719516
'2025-05-21 19:37:00.265,2493.72,0.002367,buy,586719518
'2025-05-21 19:37:00.266,2493.75,0.019907,buy,586719524
'2025-05-21 19:37:00.266,2493.76,0.000782,buy,586719525
'2025-05-21 19:37:00.266,2493.77,0.014331,buy,586719526
'2025-05-21 19:37:00.266,2493.78,0.000927,buy,586719527
'2025-05-21 19:37:00.266,2493.79,0.000406,buy,586719528
'2025-05-21 19:37:00.266,2493.8,0.019375,buy,586719530
'2025-05-21 19:37:00.266,2493.81,0.077366,buy,586719532
'2025-05-21 19:37:00.266,2493.81,0.031424,buy,586719533
'2025-05-21 19:37:00.266,2493.83,0.156112,buy,586719534
'2025-05-21 19:37:00.266,2493.84,0.000998,buy,586719535
'2025-05-21 19:37:00.266,2493.85,0.048855,buy,586719537
'2025-05-21 19:37:00.266,2493.86,0.000456,buy,586719538
'2025-05-21 19:37:00.266,2493.89,0.167891,buy,586719544
'2025-05-21 19:37:00.266,2493.91,0.002191,buy,586719546
'2025-05-21 19:37:00.266,2493.92,0.001946,buy,586719547
'2025-05-21 19:37:00.266,2493.93,0.001731,buy,586719550
'2025-05-21 19:37:00.266,2493.94,0.006139,buy,586719552
'2025-05-21 19:37:00.269,2493.96,0.135728,buy,586719554
'2025-05-21 19:37:00.269,2493.97,0.016743,buy,586719555
'2025-05-21 19:37:00.269,2493.98,0.022701,buy,586719556
'2025-05-21 19:37:00.269,2493.99,0.513966,buy,586719558
'2025-05-21 19:37:00.269,2494,2.448862,buy,586719583
'2025-05-21 19:37:00.273,2493.98,0.156112,buy,586719584
'2025-05-21 19:37:00.273,2494,0.60471,buy,586719585
'2025-05-21 19:37:00.527,2493.99,0.008,sell,586719586
'2025-05-21 19:37:00.744,2493.8,0.06,buy,586719587
'2025-05-21 19:37:01.353,2493.99,0.0118,sell,586719589
'2025-05-21 19:37:01.359,2493.8,0.001,sell,586719590
'2025-05-21 19:37:01.365,2493.61,0.002,sell,586719591
'2025-05-21 19:37:01.512,2493.89,0.00411,sell,586719592
'2025-05-21 19:37:02.626,2493.89,1.0081,sell,586719595
'2025-05-21 19:37:03.561,2493.6,0.2082,sell,586719599
'2025-05-21 19:37:03.577,2493.51,0.037633,sell,586719600
'2025-05-21 19:37:03.577,2493.45,0.400825,sell,586719601
'2025-05-21 19:37:03.893,2493.1,0.03235,sell,586719602
'2025-05-21 19:37:04.547,2493.1,0.214338,sell,586719605
'2025-05-21 19:37:04.763,2493.1,0.028406,sell,586719607
'2025-05-21 19:37:04.763,2493,0.17318,sell,586719609
'2025-05-21 19:37:05.830,2493.49,0.0397,buy,586719610
'2025-05-21 19:37:05.830,2493.57,0.102581,buy,586719611
'2025-05-21 19:37:05.830,2493.58,0.000405,buy,586719612
'2025-05-21 19:37:05.830,2493.6,0.0001,buy,586719613
'2025-05-21 19:37:05.830,2493.61,0.1064,buy,586719614
'2025-05-21 19:37:05.830,2493.63,0.385125,buy,586719615
'2025-05-21 19:37:05.830,2493.66,0.00015,buy,586719616
'2025-05-21 19:37:05.830,2493.71,0.478126,buy,586719618
'2025-05-21 19:37:05.830,2493.71,0.121874,buy,586719619
'2025-05-21 19:37:05.830,2493.74,0.1276,buy,586719620
'2025-05-21 19:37:05.830,2493.76,3.510408,buy,586719622
'2025-05-21 19:37:05.830,2493.77,0.257179,buy,586719623
'2025-05-21 19:37:05.830,2493.77,0.844526,buy,586719625
'2025-05-21 19:37:05.830,2493.78,2.340808,buy,586719626
'2025-05-21 19:37:05.830,2493.78,2.364478,buy,586719627
'2025-05-21 19:37:05.830,2493.79,0.000405,buy,586719628
'2025-05-21 19:37:05.830,2493.8,3.532088,buy,586719629
'2025-05-21 19:37:05.830,2493.8,0.478812,buy,586719630
'2025-05-21 19:37:05.830,2493.81,0.117934,buy,586719631
'2025-05-21 19:37:05.830,2493.81,0.182066,buy,586719632
'2025-05-21 19:37:05.830,2493.83,1.0372,buy,586719634
'2025-05-21 19:37:05.830,2493.86,0.1603,buy,586719635
'2025-05-21 19:37:05.830,2493.89,0.22,buy,586719636
'2025-05-21 19:37:05.830,2493.9,1.076126,buy,586719637
'2025-05-21 19:37:05.830,2493.9,4.942333,buy,586719639
'2025-05-21 19:37:05.830,2493.91,0.00015,buy,586719640
'2025-05-21 19:37:05.830,2493.93,0.364872,buy,586719641
'2025-05-21 19:37:05.831,2493.93,1.276142,buy,586719642
'2025-05-21 19:37:05.831,2493.93,1.221457,buy,586719643
'2025-05-21 19:37:05.831,2493.93,0.393574,buy,586719644
'2025-05-21 19:37:05.831,2493.93,0.754855,buy,586719645
'2025-05-21 19:37:05.831,2493.96,0.089671,buy,586719646
'2025-05-21 19:37:05.831,2493.96,1.112887,buy,586719647
'2025-05-21 19:37:05.831,2493.97,0.018899,buy,586719648
'2025-05-21 19:37:05.831,2493.99,0.1603,buy,586719649
'2025-05-21 19:37:05.831,2494,1.590458,buy,586719652
'2025-05-21 19:37:05.831,2494.02,0.000324,buy,586719653
'2025-05-21 19:37:05.831,2494.03,0.487435,buy,586719656
'2025-05-21 19:37:05.831,2494.04,0.000632,buy,586719658
'2025-05-21 19:37:05.831,2494.05,0.918925,buy,586719660
'2025-05-21 19:37:05.831,2494.05,1.4975,buy,586719661
'2025-05-21 19:37:05.831,2494.05,0.272904,buy,586719662
'2025-05-21 19:37:05.831,2494.05,0.674834,buy,586719663
'2025-05-21 19:37:05.831,2494.08,0.2332,buy,586719664
'2025-05-21 19:37:05.831,2494.1,0.006047,buy,586719665
'2025-05-21 19:37:05.831,2494.11,0.015473,buy,586719668
'2025-05-21 19:37:05.831,2494.12,0.000408,buy,586719669
'2025-05-21 19:37:05.831,2494.13,0.001719,buy,586719670
'2025-05-21 19:37:05.831,2494.15,2.009465,buy,586719677
'2025-05-21 19:37:05.832,2494.16,0.001397,buy,586719680
'2025-05-21 19:37:05.832,2494.17,0.00131,buy,586719682
'2025-05-21 19:37:05.832,2494.18,1.465286,buy,586719685
'2025-05-21 19:37:05.832,2494.19,0.003508,buy,586719686
'2025-05-21 19:37:05.832,2494.2,0.086242,buy,586719689
'2025-05-21 19:37:05.832,2494.21,0.014114,buy,586719691
'2025-05-21 19:37:05.832,2494.22,0.001268,buy,586719693
'2025-05-21 19:37:05.832,2494.23,0.005638,buy,586719694
'2025-05-21 19:37:05.832,2494.25,0.35041,buy,586719697
'2025-05-21 19:37:05.832,2494.25,2.307534,buy,586719699
'2025-05-21 19:37:05.832,2494.26,3.363625,buy,586719701
'2025-05-21 19:37:05.832,2494.28,0.0175,buy,586719706
'2025-05-21 19:37:05.832,2494.29,0.706959,buy,586719708
'2025-05-21 19:37:05.832,2494.31,0.004925,buy,586719710
'2025-05-21 19:37:05.832,2494.32,0.091125,buy,586719711
'2025-05-21 19:37:05.832,2494.33,0.000197,buy,586719712
'2025-05-21 19:37:05.832,2494.34,0.222983,buy,586719715
'2025-05-21 19:37:05.832,2494.37,0.030339,buy,586719717
'2025-05-21 19:37:05.832,2494.38,0.00144,buy,586719718
'2025-05-21 19:37:05.832,2494.39,0.025936,buy,586719720
'2025-05-21 19:37:05.832,2494.4,0.0001,buy,586719721
'2025-05-21 19:37:05.832,2494.41,0.001058,buy,586719723
'2025-05-21 19:37:05.832,2494.42,0.000986,buy,586719725
'2025-05-21 19:37:05.832,2494.44,0.083265,buy,586719728
'2025-05-21 19:37:05.832,2494.45,0.001416,buy,586719730
'2025-05-21 19:37:05.832,2494.46,0.000732,buy,586719731
'2025-05-21 19:37:05.832,2494.47,0.000182,buy,586719732
'2025-05-21 19:37:05.832,2494.48,0.00129,buy,586719734
'2025-05-21 19:37:05.832,2494.49,0.001597,buy,586719736
'2025-05-21 19:37:05.832,2494.5,2.429739,buy,586719738
'2025-05-21 19:37:05.832,2494.52,0.003876,buy,586719739
'2025-05-21 19:37:05.832,2494.53,0.002149,buy,586719740
'2025-05-21 19:37:05.832,2494.54,0.002861,buy,586719743
'2025-05-21 19:37:05.832,2494.55,1.81614,buy,586719744
'2025-05-21 19:37:05.832,2494.55,0.83886,buy,586719745
'2025-05-21 19:37:05.832,2494.56,0.08,buy,586719747
'2025-05-21 19:37:05.832,2494.58,0.04054,buy,586719749
'2025-05-21 19:37:05.834,2493.87,0.3726,buy,586719750
'2025-05-21 19:37:05.834,2493.95,0.113,buy,586719751
'2025-05-21 19:37:05.835,2493.95,0.2596,buy,586719752
'2025-05-21 19:37:05.842,2494.33,0.01997,sell,586719753
'2025-05-21 19:37:05.845,2494.33,0.002005,sell,586719754
'2025-05-21 19:37:05.886,2494.18,1.114198,sell,586719755
'2025-05-21 19:37:05.886,2494.13,0.140052,sell,586719756
'2025-05-21 19:37:06.153,2494.1,3.48414,buy,586719759
'2025-05-21 19:37:06.863,2494.24,0.002,buy,586719760
'2025-05-21 19:37:06.870,2494.4,0.0001,buy,586719761
'2025-05-21 19:37:06.895,2494.6,0.01889,buy,586719762
'2025-05-21 19:37:06.895,2494.6,0.000009,buy,586719763
'2025-05-21 19:37:06.895,2494.62,0.049381,buy,586719769
'2025-05-21 19:37:06.949,2494.62,0.00001,buy,586719770
'2025-05-21 19:37:06.949,2494.64,0.008138,buy,586719772
'2025-05-21 19:37:06.949,2494.66,0.004507,buy,586719774
'2025-05-21 19:37:06.950,2494.68,0.000284,buy,586719775
'2025-05-21 19:37:06.950,2494.71,0.006716,buy,586719776
'2025-05-21 19:37:06.952,2494.71,0.000775,buy,586719777
'2025-05-21 19:37:06.952,2494.72,0.0004,buy,586719778
'2025-05-21 19:37:06.952,2494.74,0.001339,buy,586719780
'2025-05-21 19:37:06.952,2494.75,0.044556,buy,586719782
'2025-05-21 19:37:06.955,2494.75,0.002517,buy,586719783
'2025-05-21 19:37:06.955,2494.76,0.000155,buy,586719784
'2025-05-21 19:37:06.955,2494.78,0.000161,buy,586719785
'2025-05-21 19:37:06.955,2494.79,0.009257,buy,586719786
'2025-05-21 19:37:06.955,2494.79,0.002834,buy,586719787
'2025-05-21 19:37:06.955,2494.8,0.0001,buy,586719788
'2025-05-21 19:37:06.955,2494.82,0.025946,buy,586719793
'2025-05-21 19:37:07.382,2494.82,0.00294,buy,586719795
'2025-05-21 19:37:07.382,2494.83,0.10857,buy,586719798
'2025-05-21 19:37:07.382,2494.86,0.018647,buy,586719804
'2025-05-21 19:37:07.382,2494.87,0.00421,buy,586719805
'2025-05-21 19:37:07.382,2494.88,0.001637,buy,586719807
'2025-05-21 19:37:07.382,2494.9,0.084769,buy,586719808
'2025-05-21 19:37:07.382,2494.91,0.005412,buy,586719811
'2025-05-21 19:37:07.382,2494.92,0.000628,buy,586719813
'2025-05-21 19:37:07.382,2494.93,0.00162,buy,586719814
'2025-05-21 19:37:07.383,2494.94,0.000668,buy,586719815
'2025-05-21 19:37:07.383,2494.95,0.000288,buy,586719816
'2025-05-21 19:37:07.383,2494.96,0.005902,buy,586719818
'2025-05-21 19:37:07.383,2494.98,0.001024,buy,586719819
'2025-05-21 19:37:07.383,2494.99,0.018949,buy,586719823
'2025-05-21 19:37:07.383,2495,1.197298,buy,586719859
'2025-05-21 19:37:07.383,2495,0.157665,buy,586719860
'2025-05-21 19:37:07.383,2495,0.030947,buy,586719861
'2025-05-21 19:37:07.383,2495.01,0.0394,buy,586719862
'2025-05-21 19:37:07.383,2495.02,3.271744,buy,586719863
'2025-05-21 19:37:07.383,2495.04,0.000958,buy,586719865
'2025-05-21 19:37:07.383,2495.06,0.000967,buy,586719866
'2025-05-21 19:37:07.383,2495.09,0.070033,buy,586719867
'2025-05-21 19:37:07.383,2495.1,0.07348,buy,586719870
'2025-05-21 19:37:07.383,2495.13,0.109749,buy,586719872
'2025-05-21 19:37:07.383,2495.14,0.429136,buy,586719873
'2025-05-21 19:37:07.383,2495.14,3.013,buy,586719874
'2025-05-21 19:37:07.383,2495.14,1.548313,buy,586719875
'2025-05-21 19:37:07.383,2495.15,0.00027,buy,586719876
'2025-05-21 19:37:07.383,2495.17,0.011514,buy,586719879
'2025-05-21 19:37:07.383,2495.18,0.000539,buy,586719880
'2025-05-21 19:37:07.383,2495.2,0.071803,buy,586719886
'2025-05-21 19:37:07.383,2495.21,0.002041,buy,586719887
'2025-05-21 19:37:07.383,2495.23,0.0071,buy,586719889
'2025-05-21 19:37:07.383,2495.24,0.000543,buy,586719890
'2025-05-21 19:37:07.383,2495.25,0.286421,buy,586719893
'2025-05-21 19:37:07.383,2495.26,0.126634,buy,586719895
'2025-05-21 19:37:07.383,2495.3,0.000996,buy,586719896
'2025-05-21 19:37:07.383,2495.32,0.008366,buy,586719901
'2025-05-21 19:37:07.383,2495.33,0.010768,buy,586719903
'2025-05-21 19:37:07.383,2495.36,0.020581,buy,586719906
'2025-05-21 19:37:07.383,2495.37,0.011878,buy,586719909
'2025-05-21 19:37:07.383,2495.38,0.573345,buy,586719915
'2025-05-21 19:37:07.383,2495.41,0.005128,buy,586719916
'2025-05-21 19:37:07.383,2495.42,0.000212,buy,586719917
'2025-05-21 19:37:07.383,2495.44,0.001116,buy,586719918
'2025-05-21 19:37:07.383,2495.45,0.009394,buy,586719924
'2025-05-21 19:37:07.383,2495.46,0.000406,buy,586719925
'2025-05-21 19:37:07.383,2495.47,0.045886,buy,586719928
'2025-05-21 19:37:07.383,2495.48,0.00128,buy,586719929
'2025-05-21 19:37:07.383,2495.49,0.009323,buy,586719932
'2025-05-21 19:37:07.383,2495.5,3.41964,buy,586719937
'2025-05-21 19:37:07.383,2495.51,0.1981,buy,586719939
'2025-05-21 19:37:07.383,2495.52,0.002088,buy,586719941
'2025-05-21 19:37:07.383,2495.53,0.042899,buy,586719944
'2025-05-21 19:37:07.383,2495.54,0.014464,buy,586719946
'2025-05-21 19:37:07.383,2495.55,2.662383,buy,586719948
'2025-05-21 19:37:07.387,2495.56,0.001104,buy,586719949
'2025-05-21 19:37:07.387,2495.58,0.00678,buy,586719951
'2025-05-21 19:37:07.387,2495.59,0.001522,buy,586719952
'2025-05-21 19:37:07.387,2495.6,1.008064,buy,586719958
'2025-05-21 19:37:07.387,2495.61,0.031484,buy,586719959
'2025-05-21 19:37:07.387,2495.64,0.325661,buy,586719961
'2025-05-21 19:37:07.388,2495.65,0.302003,buy,586719966
'2025-05-21 19:37:07.388,2495.67,0.002051,buy,586719967
'2025-05-21 19:37:07.388,2495.68,0.002307,buy,586719968
'2025-05-21 19:37:07.388,2495.69,0.000378,buy,586719969
'2025-05-21 19:37:07.388,2495.7,0.603272,buy,586719972
'2025-05-21 19:37:07.388,2495.71,0.002263,buy,586719973
'2025-05-21 19:37:07.388,2495.72,0.000258,buy,586719974
'2025-05-21 19:37:07.388,2495.73,0.007749,buy,586719978
'2025-05-21 19:37:07.388,2495.74,0.000556,buy,586719980
'2025-05-21 19:37:07.388,2495.78,1.132355,buy,586719985
'2025-05-21 19:37:07.388,2495.8,2.327737,buy,586719989
'2025-05-21 19:37:07.390,2495.54,0.3726,buy,586719990
'2025-05-21 19:37:07.393,2495.8,0.384643,buy,586719991
'2025-05-21 19:37:07.393,2495.8,0.013791,buy,586719992
'2025-05-21 19:37:07.393,2495.81,0.00685,buy,586719994
'2025-05-21 19:37:07.393,2495.83,0.008737,buy,586719996
'2025-05-21 19:37:07.393,2495.84,0.80112,buy,586719997
'2025-05-21 19:37:07.393,2495.85,0.000625,buy,586719998
'2025-05-21 19:37:07.393,2495.87,0.087059,buy,586719999
'2025-05-21 19:37:07.393,2495.88,0.054694,buy,586720001
'2025-05-21 19:37:07.393,2495.89,0.002221,buy,586720002
'2025-05-21 19:37:07.393,2495.92,0.077457,buy,586720003
'2025-05-21 19:37:07.394,2495.92,0.398434,buy,586720004
'2025-05-21 19:37:07.394,2495.92,0.694871,buy,586720005
'2025-05-21 19:37:07.397,2495.92,0.274787,buy,586720006
'2025-05-21 19:37:07.397,2495.8,0.130091,sell,586720007
'2025-05-21 19:37:07.398,2495.8,0.09443,sell,586720009
'2025-05-21 19:37:07.399,2495.92,0.088962,buy,586720010
'2025-05-21 19:37:07.400,2495.92,1.565599,buy,586720012
'2025-05-21 19:37:07.400,2495.93,0.023848,buy,586720015
'2025-05-21 19:37:07.400,2495.94,0.012341,buy,586720016
'2025-05-21 19:37:07.400,2495.95,0.004148,buy,586720017
'2025-05-21 19:37:07.400,2495.96,0.003527,buy,586720019
'2025-05-21 19:37:07.400,2495.98,0.018635,buy,586720020
'2025-05-21 19:37:07.400,2496,2.002756,buy,586720057
'2025-05-21 19:37:07.400,2496,4.882918,buy,586720058
'2025-05-21 19:37:07.400,2496,0.67429,buy,586720059
'2025-05-21 19:37:07.400,2495.91,0.3726,buy,586720060
'2025-05-21 19:37:07.400,2496,0.881821,buy,586720061
'2025-05-21 19:37:07.401,2495.38,3.322189,sell,586720062
'2025-05-21 19:37:07.401,2495.2,0.0718,sell,586720063
'2025-05-21 19:37:07.401,2495.18,3.138,sell,586720064
'2025-05-21 19:37:07.401,2495.16,3.458011,sell,586720066
'2025-05-21 19:37:07.401,2496,1.001346,buy,586720067
'2025-05-21 19:37:07.401,2495.16,9.99,sell,586720068
'2025-05-21 19:37:07.401,2495.16,5.818208,sell,586720069
'2025-05-21 19:37:07.401,2495.14,4.171792,sell,586720071
'2025-05-21 19:37:07.401,2496,0.226788,buy,586720072
'2025-05-21 19:37:07.401,2495.8,0.001016,sell,586720073
'2025-05-21 19:37:07.402,2496,0.74319,buy,586720081
'2025-05-21 19:37:07.405,2496,0.005479,buy,586720086
'2025-05-21 19:37:07.405,2496.01,0.0002,buy,586720087
'2025-05-21 19:37:07.405,2496.05,1.04127,buy,586720089
'2025-05-21 19:37:07.418,2495.92,0.01997,sell,586720090
'2025-05-21 19:37:07.420,2495.92,0.01997,sell,586720091
'2025-05-21 19:37:07.422,2495.92,1.196869,sell,586720093
'2025-05-21 19:37:07.427,2495.98,0.000801,buy,586720094
'2025-05-21 19:37:07.433,2495.97,0.01997,sell,586720095
'2025-05-21 19:37:07.444,2495.98,0.406632,buy,586720096
'2025-05-21 19:37:07.444,2496.06,0.005583,buy,586720101
'2025-05-21 19:37:07.444,2496.1,0.00219,buy,586720104
'2025-05-21 19:37:07.471,2496.11,1.0536,sell,586720105
'2025-05-21 19:37:07.497,2496.12,0.001201,buy,586720106
'2025-05-21 19:37:07.503,2496.12,0.002309,buy,586720107
'2025-05-21 19:37:07.503,2496.13,0.005214,buy,586720109
'2025-05-21 19:37:07.503,2496.15,0.009671,buy,586720112
'2025-05-21 19:37:07.503,2496.17,0.010878,buy,586720114
'2025-05-21 19:37:07.503,2496.23,0.002646,buy,586720116
'2025-05-21 19:37:07.503,2496.25,0.011018,buy,586720118
'2025-05-21 19:37:07.503,2496.28,0.024371,buy,586720119
'2025-05-21 19:37:07.503,2496.29,0.000648,buy,586720121
'2025-05-21 19:37:07.503,2496.3,0.086457,buy,586720124
'2025-05-21 19:37:07.503,2496.32,0.000711,buy,586720125
'2025-05-21 19:37:07.503,2496.34,0.051721,buy,586720126
'2025-05-21 19:37:07.503,2496.36,0.011005,buy,586720131
'2025-05-21 19:37:07.503,2496.37,0.003069,buy,586720133
'2025-05-21 19:37:07.503,2496.4,0.024044,buy,586720137
'2025-05-21 19:37:07.503,2496.42,0.077889,buy,586720144
'2025-05-21 19:37:07.503,2496.5,0.014422,buy,586720147
'2025-05-21 19:37:07.503,2496.51,0.063927,buy,586720149
'2025-05-21 19:37:07.520,2496.38,0.01442,sell,586720150
'2025-05-21 19:37:07.522,2496.38,0.99858,sell,586720151
'2025-05-21 19:37:07.522,2496.28,0.198288,sell,586720152
'2025-05-21 19:37:07.545,2496.16,0.681,sell,586720154
'2025-05-21 19:37:07.683,2496,0.003798,sell,586720155
'2025-05-21 19:37:07.793,2495.98,2.063196,buy,586720159
'2025-05-21 19:37:07.793,2496.17,0.0391,buy,586720160
'2025-05-21 19:37:07.793,2496.2,0.225186,buy,586720161
'2025-05-21 19:37:07.995,2495.97,0.000317,sell,586720163
'2025-05-21 19:37:08.172,2495.97,0.007,sell,586720164
'2025-05-21 19:37:08.521,2495.97,0.05724,sell,586720167
'2025-05-21 19:37:08.653,2495.86,3.452926,buy,586720171
'2025-05-21 19:37:08.886,2495.85,0.6101,sell,586720172
'2025-05-21 19:37:09.461,2495.85,0.124,sell,586720176
'2025-05-21 19:37:09.718,2495.98,0.070107,buy,586720178
'2025-05-21 19:37:09.718,2496,0.0001,buy,586720179
'2025-05-21 19:37:09.789,2496.38,0.01997,sell,586720180
'2025-05-21 19:37:09.862,2496.16,2.655,sell,586720181
'2025-05-21 19:37:09.862,2496.14,0.800674,sell,586720182
'2025-05-21 19:37:09.862,2496.11,0.00015,sell,586720183
'2025-05-21 19:37:10.049,2495.97,0.0081,sell,586720185
'2025-05-21 19:37:10.065,2495.76,0.2,sell,586720186
'2025-05-21 19:37:10.066,2495.7,0.2,sell,586720187
'2025-05-21 19:37:10.074,2495.6,0.002,sell,586720189
'2025-05-21 19:37:10.092,2495.61,0.792737,buy,586720192
'2025-05-21 19:37:11.557,2496,0.0001,buy,586720193
'2025-05-21 19:37:11.557,2496.19,0.039,buy,586720194
'2025-05-21 19:37:11.557,2496.19,0.0001,buy,586720195
'2025-05-21 19:37:11.559,2496.28,0.002,buy,586720196
'2025-05-21 19:37:11.559,2496.31,0.0868,buy,586720197
'2025-05-21 19:37:11.563,2496.4,0.0001,buy,586720198
'2025-05-21 19:37:11.563,2496.44,0.0982,buy,586720199
'2025-05-21 19:37:11.563,2496.44,0.0001,buy,586720200
'2025-05-21 19:37:11.567,2496.52,0.0049,buy,586720203
'2025-05-21 19:37:11.567,2496.52,0.000029,buy,586720204
'2025-05-21 19:37:11.567,2496.53,0.011871,buy,586720209
'2025-05-21 19:37:11.570,2496.53,0.000044,buy,586720210
'2025-05-21 19:37:11.570,2496.55,0.025556,buy,586720213
'2025-05-21 19:37:11.570,2496.55,0.000078,buy,586720214
'2025-05-21 19:37:11.585,2496.56,0.049094,sell,586720215
'2025-05-21 19:37:12.566,2496.3,0.39,sell,586720218
'2025-05-21 19:37:12.738,2496.31,1.120369,buy,586720221
'2025-05-21 19:37:12.762,2496.3,0.008,sell,586720222
'2025-05-21 19:37:13.079,2496.3,0.015383,buy,586720223
'2025-05-21 19:37:13.395,2496.4,1.013,buy,586720225
'2025-05-21 19:37:13.526,2496.39,0.0001,sell,586720226
'2025-05-21 19:37:13.526,2496.32,0.0026,sell,586720227
'2025-05-21 19:37:13.932,2496.33,2.41632,buy,586720228
'2025-05-21 19:37:14.101,2496.39,0.011397,sell,586720230
'2025-05-21 19:37:14.638,2496.39,0.0081,sell,586720232
'2025-05-21 19:37:15.222,2496.4,0.0001,buy,586720233
'2025-05-21 19:37:15.523,2496.48,0.00214,sell,586720234
'2025-05-21 19:37:15.758,2496.49,0.00492,buy,586720235
'2025-05-21 19:37:16.440,2496.51,0.17,sell,586720237
'2025-05-21 19:37:16.440,2496.49,0.03608,sell,586720238
'2025-05-21 19:37:16.440,2496.48,0.0001,sell,586720239
'2025-05-21 19:37:16.440,2496.4,0.0011,sell,586720241
'2025-05-21 19:37:16.440,2496.39,0.001,sell,586720242
'2025-05-21 19:37:16.440,2496.33,0.14922,sell,586720243
'2025-05-21 19:37:16.446,2496.4,0.0001,buy,586720244
'2025-05-21 19:37:16.869,2496.5,0.162,buy,586720245
'2025-05-21 19:37:16.871,2496.52,0.002,buy,586720246
'2025-05-21 19:37:16.871,2496.57,0.02053,buy,586720248
'2025-05-21 19:37:16.873,2496.57,0.002,buy,586720249
'2025-05-21 19:37:16.873,2496.61,0.005424,buy,586720250
'2025-05-21 19:37:16.873,2496.63,0.000727,buy,586720251
'2025-05-21 19:37:16.873,2496.65,0.00018,buy,586720252
'2025-05-21 19:37:16.873,2496.66,0.056315,buy,586720266
'2025-05-21 19:37:16.873,2496.67,0.000953,buy,586720267
'2025-05-21 19:37:16.873,2496.69,0.044523,buy,586720269
'2025-05-21 19:37:16.873,2496.71,0.003547,buy,586720271
'2025-05-21 19:37:16.873,2496.72,0.000788,buy,586720274
'2025-05-21 19:37:16.873,2496.73,0.003237,buy,586720276
'2025-05-21 19:37:17.029,2496.61,0.0042,buy,586720278
'2025-05-21 19:37:17.029,2496.74,0.510871,buy,586720280
'2025-05-21 19:37:17.141,2496.74,7.4584,sell,586720286
'2025-05-21 19:37:17.141,2496.73,0.3736,sell,586720288
'2025-05-21 19:37:17.141,2496.71,0.001,sell,586720289
'2025-05-21 19:37:17.141,2496.7,3.311,sell,586720293
'2025-05-21 19:37:17.141,2496.6,0.01997,sell,586720294
'2025-05-21 19:37:17.144,2496.56,2.655,sell,586720295
'2025-05-21 19:37:17.145,2496.55,0.0411,sell,586720296
'2025-05-21 19:37:17.145,2496.43,0.0809,sell,586720297
'2025-05-21 19:37:17.145,2496.4,0.0001,sell,586720298
'2025-05-21 19:37:17.145,2496.39,0.2779,sell,586720299
'2025-05-21 19:37:17.146,2496.39,2.3771,sell,586720300
'2025-05-21 19:37:17.146,2496.33,0.651384,sell,586720301
'2025-05-21 19:37:17.146,2496.3,0.0809,sell,586720302
'2025-05-21 19:37:17.146,2496.18,0.090616,sell,586720303
'2025-05-21 19:37:17.727,2496.59,0.009664,sell,586720305
'2025-05-21 19:37:17.882,2496.5,0.008,sell,586720306
'2025-05-21 19:37:17.915,2496.41,0.022,buy,586720307
'2025-05-21 19:37:17.937,2496.4,0.839076,sell,586720309
'2025-05-21 19:37:17.937,2496.3,0.647,sell,586720310
'2025-05-21 19:37:17.937,2496.21,0.0409,sell,586720311
'2025-05-21 19:37:17.937,2496.2,0.647,sell,586720312
'2025-05-21 19:37:17.937,2496.18,0.020424,sell,586720313
'2025-05-21 19:37:17.937,2496.15,0.2451,sell,586720314
'2025-05-21 19:37:17.937,2496.14,0.7605,sell,586720315
'2025-05-21 19:37:17.952,2496.15,0.0475,buy,586720316
'2025-05-21 19:37:17.952,2496.15,5.12336,buy,586720320
'2025-05-21 19:37:18.588,2496,0.0081,sell,586720322
'2025-05-21 19:37:18.610,2495.81,1.79925,buy,586720323
'2025-05-21 19:37:18.610,2495.87,0.061631,buy,586720324
'2025-05-21 19:37:18.616,2495.9,0.001,buy,586720325
'2025-05-21 19:37:19.573,2495.99,0.0081,sell,586720327
'2025-05-21 19:37:19.667,2495.8,0.008,sell,586720328
'2025-05-21 19:37:19.871,2495.6,0.083069,sell,586720331
'2025-05-21 19:37:20.333,2495.41,3.138,buy,586720332
'2025-05-21 19:37:20.333,2495.5,0.647,buy,586720333
'2025-05-21 19:37:20.333,2495.6,0.0392,buy,586720335
'2025-05-21 19:37:20.333,2495.69,0.434417,buy,586720336
'2025-05-21 19:37:20.333,2495.7,0.647,buy,586720337
'2025-05-21 19:37:20.333,2495.72,0.0794,buy,586720338
'2025-05-21 19:37:20.333,2495.73,0.801056,buy,586720339
'2025-05-21 19:37:20.333,2495.8,0.101232,buy,586720340
'2025-05-21 19:37:20.333,2495.85,0.0794,buy,586720341
'2025-05-21 19:37:20.333,2495.9,0.647,buy,586720342
'2025-05-21 19:37:20.333,2495.91,2.642945,buy,586720344
'2025-05-21 19:37:20.475,2495.61,0.000128,buy,586720345
'2025-05-21 19:37:21.056,2495.6,0.002,sell,586720346
'2025-05-21 19:37:21.092,2495.61,0.01997,buy,586720347
'2025-05-21 19:37:21.092,2495.61,5.133663,buy,586720351
'2025-05-21 19:37:21.092,2495.7,0.648,buy,586720353
'2025-05-21 19:37:21.092,2495.71,0.001,buy,586720354
'2025-05-21 19:37:21.092,2495.8,0.789282,buy,586720358
'2025-05-21 19:37:21.092,2495.82,0.064113,buy,586720359
'2025-05-21 19:37:21.092,2495.83,4.0067,buy,586720360
'2025-05-21 19:37:21.094,2495.91,0.00115,buy,586720362
'2025-05-21 19:37:21.094,2495.92,0.0803,buy,586720364
'2025-05-21 19:37:21.094,2495.94,1,buy,586720365
'2025-05-21 19:37:21.094,2495.95,1.917845,buy,586720367
'2025-05-21 19:37:21.095,2495.95,0.084718,buy,586720368
'2025-05-21 19:37:21.095,2495.96,2.782282,buy,586720370
'2025-05-21 19:37:21.095,2495.96,3.879218,buy,586720371
'2025-05-21 19:37:21.095,2496,0.843883,buy,586720373
'2025-05-21 19:37:21.095,2496.05,0.0793,buy,586720374
'2025-05-21 19:37:21.096,2496.17,0.1602,buy,586720375
'2025-05-21 19:37:21.096,2496.2,0.7268,buy,586720376
'2025-05-21 19:37:21.096,2496.2,0.513239,buy,586720377
'2025-05-21 19:37:21.099,2496.05,0.0793,buy,586720378
'2025-05-21 19:37:21.100,2496.09,0.004948,buy,586720379
'2025-05-21 19:37:21.100,2496.1,3.047,buy,586720381
'2025-05-21 19:37:21.100,2496.16,1.086948,buy,586720382
'2025-05-21 19:37:21.105,2496.09,0.154605,sell,586720383
'2025-05-21 19:37:21.105,2496.08,1,sell,586720384
'2025-05-21 19:37:21.105,2496.04,0.008,sell,586720385
'2025-05-21 19:37:21.109,2496,0.0001,sell,586720386
'2025-05-21 19:37:21.111,2495.92,0.800633,sell,586720387
'2025-05-21 19:37:21.116,2495.88,0.3726,sell,586720388
'2025-05-21 19:37:21.116,2495.85,0.041,sell,586720389
'2025-05-21 19:37:21.120,2495.73,1.20095,sell,586720390
'2025-05-21 19:37:21.122,2495.61,0.00015,sell,586720391
'2025-05-21 19:37:21.122,2495.6,0.23985,sell,586720393
'2025-05-21 19:37:21.142,2495.61,0.1,buy,586720394
'2025-05-21 19:37:21.522,2495.99,0.00896,sell,586720395
'2025-05-21 19:37:21.750,2495.99,0.008,sell,586720396
'2025-05-21 19:37:21.960,2495.6,0.0001,sell,586720397
'2025-05-21 19:37:22.148,2495.4,0.01,sell,586720398
'2025-05-21 19:37:22.712,2496,2.085169,buy,586720403
'2025-05-21 19:37:23.624,2496.3,0.084769,buy,586720404
'2025-05-21 19:37:23.624,2496.4,0.0001,buy,586720405
'2025-05-21 19:37:23.635,2496.59,0.202816,buy,586720406
'2025-05-21 19:37:23.678,2496.61,0.01997,sell,586720407
'2025-05-21 19:37:24.212,2496.74,0.007,sell,586720408
'2025-05-21 19:37:25.172,2496.74,0.0081,sell,586720410
'2025-05-21 19:37:25.281,2496.59,0.058,sell,586720411
'2025-05-21 19:37:25.289,2496.4,0.0001,sell,586720412
'2025-05-21 19:37:25.317,2496.01,0.0001,buy,586720413
'2025-05-21 19:37:25.427,2496.39,2.4,sell,586720416
'2025-05-21 19:37:25.427,2496.39,0.162,sell,586720417
'2025-05-21 19:37:25.427,2496.39,0.162,sell,586720418
'2025-05-21 19:37:25.427,2496.39,0.23725,sell,586720419
'2025-05-21 19:37:25.427,2496.29,0.3726,sell,586720420
'2025-05-21 19:37:26.726,2496.3,0.004005,buy,586720421
'2025-05-21 19:37:26.944,2496.29,0.0081,sell,586720423
'2025-05-21 19:37:27.035,2496.07,0.467703,sell,586720424
'2025-05-21 19:37:27.036,2496,0.0001,sell,586720425
'2025-05-21 19:37:27.036,2495.94,0.467703,sell,586720426
'2025-05-21 19:37:27.036,2495.91,0.0412,sell,586720427
'2025-05-21 19:37:27.477,2495.6,0.092869,sell,586720430
'2025-05-21 19:37:27.477,2495.48,0.0412,sell,586720431
'2025-05-21 19:37:27.648,2495.39,0.036403,buy,586720432
'2025-05-21 19:37:28.075,2495.6,0.0001,buy,586720433
'2025-05-21 19:37:28.075,2495.77,0.0389,buy,586720434
'2025-05-21 19:37:29.274,2496.29,0.06,sell,586720435
'2025-05-21 19:37:29.804,2496.29,0.008827,sell,586720438
'2025-05-21 19:37:30.323,2496,0.01997,sell,586720440
'2025-05-21 19:37:30.338,2496,0.008,sell,586720441
'2025-05-21 19:37:30.338,2495.9,0.01197,sell,586720442
'2025-05-21 19:37:30.966,2495.99,0.1701,sell,586720445
'2025-05-21 19:37:31.452,2495.9,0.615,buy,586720446
'2025-05-21 19:37:31.455,2496,0.0001,buy,586720447
'2025-05-21 19:37:31.484,2496.19,0.7514,sell,586720449
'2025-05-21 19:37:31.484,2496.07,0.3726,sell,586720450
'2025-05-21 19:37:31.484,2496,0.411719,sell,586720451
'2025-05-21 19:37:31.625,2496.01,0.162,buy,586720452
'2025-05-21 19:37:31.625,2496.1,0.615,buy,586720453
'2025-05-21 19:37:31.625,2496.15,1.79925,buy,586720454
'2025-05-21 19:37:31.625,2496.2,0.615,buy,586720455
'2025-05-21 19:37:31.625,2496.3,0.700174,buy,586720458
'2025-05-21 19:37:31.625,2496.34,0.0389,buy,586720459
'2025-05-21 19:37:31.625,2496.4,2.067075,buy,586720462
'2025-05-21 19:37:32.653,2496.39,0.058096,sell,586720464
'2025-05-21 19:37:32.999,2496.38,0.00066,sell,586720466
'2025-05-21 19:37:33.683,2496.4,0.06892,buy,586720468
'2025-05-21 19:37:34.728,2496.39,0.294,sell,586720470
'2025-05-21 19:37:34.834,2496.2,0.060074,buy,586720471
'2025-05-21 19:37:34.835,2496.2,0.120145,buy,586720472
'2025-05-21 19:37:34.837,2496.2,0.060073,buy,586720473
'2025-05-21 19:37:35.013,2496.1,0.03836,buy,586720474
'2025-05-21 19:37:36.020,2496.4,0.000436,buy,586720475
'2025-05-21 19:37:36.041,2496.39,0.01997,sell,586720478
'2025-05-21 19:37:36.041,2496.39,0.27413,sell,586720479
'2025-05-21 19:37:36.043,2496.2,0.0412,sell,586720480
'2025-05-21 19:37:36.043,2496.08,0.081,sell,586720481
'2025-05-21 19:37:36.043,2496,0.0001,sell,586720482
'2025-05-21 19:37:36.043,2495.98,0.507944,sell,586720483
'2025-05-21 19:37:36.043,2495.95,0.081,sell,586720484
'2025-05-21 19:37:36.043,2495.91,0.178706,sell,586720485
'2025-05-21 19:37:36.043,2495.89,2.655405,sell,586720487
'2025-05-21 19:37:36.044,2495.83,0.1602,sell,586720488
'2025-05-21 19:37:36.044,2495.79,0.498828,sell,586720489
'2025-05-21 19:37:36.044,2495.77,0.098081,sell,586720490
'2025-05-21 19:37:36.047,2495.7,0.1602,sell,586720491
'2025-05-21 19:37:36.049,2495.68,0.000405,sell,586720492
'2025-05-21 19:37:36.049,2495.63,0.334895,sell,586720493
'2025-05-21 19:37:36.053,2495.63,0.2941,sell,586720494
'2025-05-21 19:37:36.054,2495.63,1.6464,sell,586720495
'2025-05-21 19:37:36.056,2495.63,0.073,sell,586720496
'2025-05-21 19:37:36.066,2495.63,1.6464,sell,586720498
'2025-05-21 19:37:36.673,2495.9,0.017524,buy,586720499
'2025-05-21 19:37:36.749,2495.89,0.002,sell,586720500
'2025-05-21 19:37:36.752,2495.89,0.006,sell,586720501
'2025-05-21 19:37:37.058,2495.63,0.01997,sell,586720503
'2025-05-21 19:37:37.059,2495.63,0.4,sell,586720506
'2025-05-21 19:37:37.078,2495.63,0.106896,sell,586720507
'2025-05-21 19:37:37.153,2495.63,0.006046,sell,586720508
'2025-05-21 19:37:37.297,2495.64,0.114816,buy,586720509
'2025-05-21 19:37:39.004,2495.83,0.006027,buy,586720510
'2025-05-21 19:37:39.315,2496,0.0001,buy,586720511
'2025-05-21 19:37:40.163,2496.09,0.0081,sell,586720513
'2025-05-21 19:37:40.264,2496.01,0.0079,buy,586720514
'2025-05-21 19:37:40.529,2496,0.0081,sell,586720516
'2025-05-21 19:37:41.020,2495.61,0.001202,buy,586720517
'2025-05-21 19:37:41.485,2495.6,0.014556,sell,586720518
'2025-05-21 19:37:41.706,2495.6,0.082313,sell,586720522
'2025-05-21 19:37:41.767,2495.38,0.005638,sell,586720523
'2025-05-21 19:37:41.838,2495.29,0.002353,sell,586720524
'2025-05-21 19:37:42.281,2495.3,0.008,sell,586720525
'2025-05-21 19:37:42.281,2495.21,0.002141,sell,586720527
'2025-05-21 19:37:42.281,2495.2,0.0001,sell,586720528
'2025-05-21 19:37:42.281,2495.17,0.400517,sell,586720529
'2025-05-21 19:37:42.281,2495.15,0.320588,sell,586720530
'2025-05-21 19:37:42.281,2495.13,0.400517,sell,586720531
'2025-05-21 19:37:42.281,2495.1,0.019375,sell,586720533
'2025-05-21 19:37:42.281,2495.07,0.314762,sell,586720534
'2025-05-21 19:37:42.745,2495,0.002,sell,586720535
'2025-05-21 19:37:42.793,2495,0.008404,sell,586720537
'2025-05-21 19:37:42.797,2494.9,0.084769,sell,586720538
'2025-05-21 19:37:45.904,2495.59,0.008,sell,586720539
'2025-05-21 19:37:45.904,2495.5,0.01997,sell,586720540
'2025-05-21 19:37:45.906,2495.5,0.59503,sell,586720541
'2025-05-21 19:37:45.906,2495.49,0.1411,sell,586720543
'2025-05-21 19:37:45.906,2495.4,0.2589,sell,586720544
'2025-05-21 19:37:45.907,2495.4,0.0409,sell,586720545
'2025-05-21 19:37:47.091,2495.59,0.002,sell,586720547
'2025-05-21 19:37:48.572,2495.59,0.0062,sell,586720549
'2025-05-21 19:37:48.627,2495.41,1.00225,buy,586720551
'2025-05-21 19:37:49.135,2495.6,0.084869,buy,586720553
'2025-05-21 19:37:49.136,2495.61,0.101949,buy,586720554
'2025-05-21 19:37:49.136,2495.67,0.000405,buy,586720555
'2025-05-21 19:37:49.137,2495.76,0.2,buy,586720556
'2025-05-21 19:37:49.139,2495.79,2,buy,586720557
'2025-05-21 19:37:49.139,2495.81,0.335,buy,586720558
'2025-05-21 19:37:49.139,2495.81,0.466006,buy,586720559
'2025-05-21 19:37:49.139,2495.82,0.2,buy,586720560
'2025-05-21 19:37:49.139,2495.84,0.4,buy,586720561
'2025-05-21 19:37:49.139,2495.97,0.1368,buy,586720562
'2025-05-21 19:37:49.139,2495.98,0.098083,buy,586720563
'2025-05-21 19:37:49.139,2495.99,0.190766,buy,586720564
'2025-05-21 19:37:49.139,2496,1.204013,buy,586720567
'2025-05-21 19:37:49.139,2496.02,0.320641,buy,586720568
'2025-05-21 19:37:49.139,2496.03,0.3,buy,586720569
'2025-05-21 19:37:49.139,2496.04,0.3,buy,586720570
'2025-05-21 19:37:49.139,2496.08,0.3,buy,586720571
'2025-05-21 19:37:49.139,2496.09,0.000405,buy,586720572
'2025-05-21 19:37:49.139,2496.1,1.236306,buy,586720574
'2025-05-21 19:37:49.141,2495.87,0.98,buy,586720575
'2025-05-21 19:37:49.141,2495.87,0.021732,buy,586720576
'2025-05-21 19:37:49.143,2496.14,0.3,buy,586720577
'2025-05-21 19:37:49.143,2496.15,0.3,buy,586720578
'2025-05-21 19:37:49.143,2496.2,0.006227,buy,586720580
'2025-05-21 19:37:49.146,2496.3,0.085174,buy,586720582
'2025-05-21 19:37:49.146,2496.31,1.271907,buy,586720583
'2025-05-21 19:37:49.146,2496.4,0.019475,buy,586720586
'2025-05-21 19:37:49.148,2496.31,1.201358,buy,586720587
'2025-05-21 19:37:49.149,2496.43,0.401709,buy,586720588
'2025-05-21 19:37:49.150,2496.48,0.453014,buy,586720589
'2025-05-21 19:37:49.151,2496.48,0.34,buy,586720590
'2025-05-21 19:37:49.151,2496.48,1.490052,buy,586720591
'2025-05-21 19:37:49.153,2496.48,1.080393,buy,586720592
'2025-05-21 19:37:49.154,2496.52,0.002041,buy,586720593
'2025-05-21 19:37:49.154,2496.53,0.005638,buy,586720594
'2025-05-21 19:37:49.154,2496.55,0.198727,buy,586720595
'2025-05-21 19:37:49.154,2496.72,0.200405,buy,586720597
'2025-05-21 19:37:49.155,2496.75,0.338919,buy,586720604
'2025-05-21 19:37:49.155,2496.76,0.009339,buy,586720606
'2025-05-21 19:37:49.155,2496.77,0.020541,buy,586720612
'2025-05-21 19:37:49.155,2496.78,0.000612,buy,586720613
'2025-05-21 19:37:49.158,2496.61,0.213039,buy,586720614
'2025-05-21 19:37:49.183,2496.79,0.000258,buy,586720615
'2025-05-21 19:37:49.183,2496.8,0.000381,buy,586720617
'2025-05-21 19:37:49.183,2496.81,0.2124,buy,586720618
'2025-05-21 19:37:49.183,2496.84,0.001275,buy,586720619
'2025-05-21 19:37:49.183,2496.85,0.004752,buy,586720620
'2025-05-21 19:37:49.183,2496.86,0.002078,buy,586720623
'2025-05-21 19:37:49.184,2496.87,0.004779,buy,586720624
'2025-05-21 19:37:49.184,2496.9,0.6152,buy,586720626
'2025-05-21 19:37:49.184,2496.91,0.003589,buy,586720629
'2025-05-21 19:37:49.184,2496.92,0.021851,buy,586720631
'2025-05-21 19:37:49.209,2496.9,0.060096,buy,586720632
'2025-05-21 19:37:49.210,2496.9,0.025461,buy,586720633
'2025-05-21 19:37:49.211,2496.9,0.0486,buy,586720634
'2025-05-21 19:37:49.275,2496.8,1.013,sell,586720636
'2025-05-21 19:37:49.275,2496.8,0.78735,sell,586720638
'2025-05-21 19:37:49.275,2496.78,0.001,sell,586720639
'2025-05-21 19:37:49.324,2496.41,0.887332,buy,586720641
'2025-05-21 19:37:49.383,2496.5,0.01,buy,586720642
'2025-05-21 19:37:49.384,2496.5,0.605,buy,586720643
'2025-05-21 19:37:49.384,2496.6,0.615,buy,586720644
'2025-05-21 19:37:49.384,2496.7,0.299245,buy,586720645
'2025-05-21 19:37:49.752,2496.49,1.053052,sell,586720649
'2025-05-21 19:37:49.752,2496.4,0.0001,sell,586720650
'2025-05-21 19:37:49.752,2496.3,0.6558,sell,586720652
'2025-05-21 19:37:49.752,2496.21,0.401509,sell,586720653
'2025-05-21 19:37:49.752,2496.2,0.921329,sell,586720654
'2025-05-21 19:37:50.544,2496.49,0.00316,sell,586720655
'2025-05-21 19:37:50.952,2496.49,0.5,sell,586720656
'2025-05-21 19:37:51.832,2496.49,0.002,sell,586720657
'2025-05-21 19:37:51.855,2496.49,0.0061,sell,586720659
'2025-05-21 19:37:51.855,2496.4,0.38527,sell,586720661
'2025-05-21 19:37:52.369,2496.4,0.0001,buy,586720662
'2025-05-21 19:37:52.369,2496.5,3.20601,buy,586720664
'2025-05-21 19:37:53.738,2496.6,0.804556,buy,586720665
'2025-05-21 19:37:55.335,2496.6,0.000562,buy,586720666
'2025-05-21 19:37:55.921,2496.6,0.599875,buy,586720668
'2025-05-21 19:37:56.278,2496.6,0.937,buy,586720669
'2025-05-21 19:37:57.973,2496.82,0.002,buy,586720670
'2025-05-21 19:37:57.996,2496.94,0.001976,buy,586720671
'2025-05-21 19:37:58.272,2496.96,0.286,buy,586720675
'2025-05-21 19:37:58.545,2496.97,0.017132,buy,586720676
'2025-05-21 19:37:59.694,2496.96,0.002,sell,586720677
'2025-05-21 19:37:59.964,2496.96,0.006,sell,586720678
'2025-05-21 19:37:59.997,2496.8,0.0001,sell,586720679
'2025-05-21 19:37:59.997,2496.73,0.000405,sell,586720680
'2025-05-21 19:38:00.005,2496.68,0.000495,sell,586720681
'2025-05-21 19:38:00.859,2496.78,0.0081,sell,586720683
'2025-05-21 19:38:01.253,2496.78,0.060081,buy,586720684
'2025-05-21 19:38:02.154,2496.88,0.002,buy,586720685
'2025-05-21 19:38:02.154,2496.93,0.000405,buy,586720686
'2025-05-21 19:38:02.154,2496.97,0.017565,buy,586720687
'2025-05-21 19:38:02.158,2496.97,2.440084,buy,586720689
'2025-05-21 19:38:02.161,2496.99,0.001,buy,586720690
'2025-05-21 19:38:02.785,2496.98,0.008,sell,586720691
'2025-05-21 19:38:02.785,2496.88,0.111904,sell,586720692
'2025-05-21 19:38:03.712,2496.81,0.182096,sell,586720694
'2025-05-21 19:38:03.712,2496.8,0.0001,sell,586720695
'2025-05-21 19:38:03.714,2496.69,0.409689,sell,586720696
'2025-05-21 19:38:03.880,2496.61,0.825002,sell,586720697
'2025-05-21 19:38:03.882,2496.61,0.0001,sell,586720698
'2025-05-21 19:38:03.882,2496.52,0.000405,sell,586720699
'2025-05-21 19:38:03.883,2496.4,0.0001,sell,586720700
'2025-05-21 19:38:03.883,2496.37,0.097805,sell,586720701
'2025-05-21 19:38:03.883,2496.31,0.000405,sell,586720702
'2025-05-21 19:38:03.883,2496.27,0.583396,sell,586720703
'2025-05-21 19:38:03.883,2496.25,0.184731,sell,586720704
'2025-05-21 19:38:03.883,2496.24,3.105,sell,586720706
'2025-05-21 19:38:03.887,2496.22,0.800665,sell,586720707
'2025-05-21 19:38:03.887,2496.2,0.391622,sell,586720708
'2025-05-21 19:38:03.887,2496.13,0.407713,sell,586720709
'2025-05-21 19:38:03.889,2496.12,0.2,sell,586720710
'2025-05-21 19:38:03.889,2496.1,0.000405,sell,586720711
'2025-05-21 19:38:03.889,2496.07,0.218899,sell,586720713
'2025-05-21 19:38:03.889,2496.03,1.200997,sell,586720714
'2025-05-21 19:38:03.893,2496.21,0.01997,buy,586720715
'2025-05-21 19:38:04.169,2496.18,0.001,sell,586720716
'2025-05-21 19:38:04.172,2496.18,0.007,sell,586720717
'2025-05-21 19:38:04.184,2496,0.002,sell,586720719
'2025-05-21 19:38:04.448,2496,0.003655,sell,586720720
'2025-05-21 19:38:05.542,2496,0.352,sell,586720721
'2025-05-21 19:38:05.544,2496,0.186536,sell,586720722
'2025-05-21 19:38:05.547,2496,0.24,sell,586720723
'2025-05-21 19:38:05.549,2496,3.735929,sell,586720729
'2025-05-21 19:38:05.626,2495.96,0.005827,buy,586720730
'2025-05-21 19:38:05.725,2495.96,0.005244,buy,586720731
'2025-05-21 19:38:05.833,2495.96,0.005827,buy,586720732
'2025-05-21 19:38:06.018,2495.91,0.0001,buy,586720733
'2025-05-21 19:38:06.110,2495.89,0.008,sell,586720734
'2025-05-21 19:38:06.112,2495.79,0.008964,sell,586720735
'2025-05-21 19:38:06.112,2495.71,0.0408,sell,586720736
'2025-05-21 19:38:06.112,2495.64,0.092365,sell,586720737
'2025-05-21 19:38:06.112,2495.63,0.320512,sell,586720738
'2025-05-21 19:38:06.112,2495.61,0.00015,sell,586720739
'2025-05-21 19:38:06.112,2495.6,0.084869,sell,586720741
'2025-05-21 19:38:06.112,2495.59,0.0807,sell,586720742
'2025-05-21 19:38:06.112,2495.58,0.092365,sell,586720743
'2025-05-21 19:38:06.112,2495.57,3.363459,sell,586720744
'2025-05-21 19:38:06.112,2495.54,0.320423,sell,586720745
'2025-05-21 19:38:06.220,2495.38,0.005638,sell,586720746
'2025-05-21 19:38:06.220,2495.21,0.002041,sell,586720747
'2025-05-21 19:38:06.220,2495.2,0.0001,sell,586720748
'2025-05-21 19:38:06.220,2495.15,2.655,sell,586720749
'2025-05-21 19:38:06.220,2495.11,0.00015,sell,586720750
'2025-05-21 19:38:06.220,2495.1,0.019375,sell,586720752
'2025-05-21 19:38:06.272,2495,4.456654,sell,586720755
'2025-05-21 19:38:06.272,2494.92,0.801032,sell,586720756
'2025-05-21 19:38:06.272,2494.9,2.739769,sell,586720758
'2025-05-21 19:38:06.279,2494.86,0.00015,sell,586720759
'2025-05-21 19:38:06.279,2494.84,0.000405,sell,586720760
'2025-05-21 19:38:06.279,2494.8,0.00025,sell,586720762
'2025-05-21 19:38:06.279,2494.87,0.01997,buy,586720763
'2025-05-21 19:38:06.307,2494.81,1.3284,buy,586720764
'2025-05-21 19:38:06.309,2494.81,0.5307,buy,586720766
'2025-05-21 19:38:06.311,2494.9,0.01997,buy,586720767
'2025-05-21 19:38:06.312,2494.9,0.72803,buy,586720768
'2025-05-21 19:38:06.434,2495,0.41134,buy,586720770
'2025-05-21 19:38:06.528,2495.2,0.0001,buy,586720771
'2025-05-21 19:38:06.528,2495.29,2.4,buy,586720772
'2025-05-21 19:38:06.552,2495.59,0.00077,sell,586720773
'2025-05-21 19:38:06.802,2495.59,0.008,sell,586720774
'2025-05-21 19:38:06.814,2495.2,0.0001,sell,586720775
'2025-05-21 19:38:06.814,2495.1,0.0019,sell,586720776
'2025-05-21 19:38:07.145,2495.07,0.0081,sell,586720778
'2025-05-21 19:38:07.418,2494.99,0.53,sell,586720780
'2025-05-21 19:38:07.749,2495.2,0.0001,buy,586720781
'2025-05-21 19:38:07.751,2495.49,0.01997,buy,586720782
'2025-05-21 19:38:07.754,2495.49,0.260149,buy,586720783
'2025-05-21 19:38:08.510,2495.49,0.0081,sell,586720785
'2025-05-21 19:38:08.512,2495.3,0.0407,sell,586720786
'2025-05-21 19:38:08.809,2495.31,1.163863,buy,586720788
'2025-05-21 19:38:08.809,2495.4,2.779,buy,586720796
'2025-05-21 19:38:08.811,2495.5,0.067914,buy,586720797
'2025-05-21 19:38:08.812,2495.59,0.0394,buy,586720798
'2025-05-21 19:38:08.812,2495.6,0.084869,buy,586720800
'2025-05-21 19:38:08.813,2495.64,0.801102,buy,586720801
'2025-05-21 19:38:08.813,2495.71,0.0796,buy,586720802
'2025-05-21 19:38:08.813,2495.74,0.218006,buy,586720804
'2025-05-21 19:38:08.814,2495.81,0.3,buy,586720805
'2025-05-21 19:38:08.814,2495.83,1.201653,buy,586720806
'2025-05-21 19:38:08.814,2495.84,0.0796,buy,586720807
'2025-05-21 19:38:08.814,2495.88,0.3,buy,586720808
'2025-05-21 19:38:08.815,2495.91,0.3,buy,586720809
'2025-05-21 19:38:08.815,2495.92,0.099922,buy,586720810
'2025-05-21 19:38:08.815,2495.96,0.780775,buy,586720813
'2025-05-21 19:38:08.816,2496,0.002504,buy,586720815
'2025-05-21 19:38:08.816,2496.02,0.3,buy,586720816
'2025-05-21 19:38:08.816,2496.09,0.1602,buy,586720817
'2025-05-21 19:38:08.816,2496.1,0.3,buy,586720818
'2025-05-21 19:38:08.816,2496.11,0.3,buy,586720819
'2025-05-21 19:38:08.816,2496.12,0.233345,buy,586720820
'2025-05-21 19:38:08.817,2496.24,0.3,buy,586720821
'2025-05-21 19:38:08.817,2496.25,0.018899,buy,586720822
'2025-05-21 19:38:08.820,2496.26,0.245783,buy,586720823
'2025-05-21 19:38:08.822,2496.26,0.132058,buy,586720824
'2025-05-21 19:38:08.822,2496.29,0.399573,buy,586720825
'2025-05-21 19:38:08.822,2496.3,0.084969,buy,586720827
'2025-05-21 19:38:08.822,2496.39,0.176378,buy,586720828
'2025-05-21 19:38:08.824,2496.39,0.392806,buy,586720829
'2025-05-21 19:38:08.824,2496.4,0.019475,buy,586720832
'2025-05-21 19:38:08.824,2496.42,3.363459,buy,586720833
'2025-05-21 19:38:08.828,2496.48,0.2,buy,586720834
'2025-05-21 19:38:08.828,2496.51,0.000405,buy,586720835
'2025-05-21 19:38:08.828,2496.52,0.002041,buy,586720836
'2025-05-21 19:38:08.828,2496.53,0.005638,buy,586720837
'2025-05-21 19:38:08.828,2496.54,0.2,buy,586720838
'2025-05-21 19:38:08.828,2496.56,0.0332,buy,586720839
'2025-05-21 19:38:08.831,2496.47,0.01997,sell,586720840
'2025-05-21 19:38:08.834,2496.56,0.2,buy,586720841
'2025-05-21 19:38:08.837,2496.59,0.2,buy,586720842
'2025-05-21 19:38:08.837,2496.6,0.002576,buy,586720843
'2025-05-21 19:38:08.839,2496.69,0.412447,buy,586720845
'2025-05-21 19:38:08.839,2496.72,0.000405,buy,586720846
'2025-05-21 19:38:08.839,2496.8,0.632148,buy,586720848
'2025-05-21 19:38:08.945,2496.8,0.4,buy,586720849
'2025-05-21 19:38:08.983,2496.79,0.001,sell,586720850
'2025-05-21 19:38:08.983,2496.76,0.001,sell,586720851
'2025-05-21 19:38:08.983,2496.71,0.557477,sell,586720853
'2025-05-21 19:38:08.983,2496.7,0.001,sell,586720854
'2025-05-21 19:38:08.984,2496.6,0.001,sell,586720855
'2025-05-21 19:38:08.984,2496.57,0.0409,sell,586720856
'2025-05-21 19:38:08.985,2496.45,0.0808,sell,586720857
'2025-05-21 19:38:08.985,2496.41,0.152255,sell,586720858
'2025-05-21 19:38:08.985,2496.4,2.655,sell,586720859
'2025-05-21 19:38:09.007,2496.48,0.01997,buy,586720860
'2025-05-21 19:38:09.327,2496.88,0.162,sell,586720861
'2025-05-21 19:38:09.590,2496.88,0.0081,sell,586720863
'2025-05-21 19:38:09.922,2496.49,0.4,sell,586720865
'2025-05-21 19:38:10.163,2496.58,0.001,buy,586720866
'2025-05-21 19:38:10.163,2496.6,0.003005,buy,586720867
'2025-05-21 19:38:11.018,2496.8,0.0001,buy,586720868
'2025-05-21 19:38:11.018,2496.9,0.01987,buy,586720869
'2025-05-21 19:38:11.213,2496.94,0.002,buy,586720870
'2025-05-21 19:38:11.480,2496.99,0.00338,buy,586720871
'2025-05-21 19:38:11.694,2497,8.50609,buy,586720888
'2025-05-21 19:38:11.694,2497,0.5,buy,586720889
'2025-05-21 19:38:11.695,2497,0.1,buy,586720890
'2025-05-21 19:38:11.695,2497,0.544771,buy,586720891
'2025-05-21 19:38:11.695,2497,1.016446,buy,586720892
'2025-05-21 19:38:11.695,2497,1.263446,buy,586720893
'2025-05-21 19:38:11.695,2497,0.711598,buy,586720894
'2025-05-21 19:38:11.695,2497,2.4,buy,586720895
'2025-05-21 19:38:11.696,2497,1.455607,buy,586720896
'2025-05-21 19:38:11.696,2497,0.502313,buy,586720897
'2025-05-21 19:38:11.696,2497.03,0.000378,buy,586720898
'2025-05-21 19:38:11.696,2497.04,0.000622,buy,586720899
'2025-05-21 19:38:11.699,2497.04,0.001198,buy,586720900
'2025-05-21 19:38:11.699,2497.05,0.043682,buy,586720907
'2025-05-21 19:38:11.803,2497.05,0.001207,buy,586720908
'2025-05-21 19:38:11.872,2497.06,0.002557,buy,586720912
'2025-05-21 19:38:11.926,2497.09,0.009301,buy,586720913
'2025-05-21 19:38:11.926,2497.12,0.001158,buy,586720914
'2025-05-21 19:38:11.926,2497.14,0.014006,buy,586720919
'2025-05-21 19:38:11.926,2497.15,0.001553,buy,586720921
'2025-05-21 19:38:11.926,2497.16,0.00717,buy,586720923
'2025-05-21 19:38:11.926,2497.18,0.002752,buy,586720925
'2025-05-21 19:38:11.926,2497.19,0.009619,buy,586720928
'2025-05-21 19:38:11.926,2497.2,0.0001,buy,586720929
'2025-05-21 19:38:12.159,2497.21,0.005011,buy,586720931
'2025-05-21 19:38:12.159,2497.22,0.020643,buy,586720933
'2025-05-21 19:38:12.159,2497.23,0.000977,buy,586720935
'2025-05-21 19:38:12.159,2497.24,0.002073,buy,586720936
'2025-05-21 19:38:12.159,2497.27,0.001709,buy,586720940
'2025-05-21 19:38:12.560,2497.28,0.00692,sell,586720941
'2025-05-21 19:38:13.408,2497.29,0.002874,buy,586720944
'2025-05-21 19:38:13.465,2497.3,0.000207,buy,586720945
'2025-05-21 19:38:13.465,2497.31,0.000282,buy,586720946
'2025-05-21 19:38:13.465,2497.32,0.000849,buy,586720947
'2025-05-21 19:38:13.465,2497.33,0.007203,buy,586720950
'2025-05-21 19:38:13.545,2497.33,0.138677,buy,586720958
'2025-05-21 19:38:13.545,2497.35,0.000216,buy,586720959
'2025-05-21 19:38:13.545,2497.36,0.006339,buy,586720963
'2025-05-21 19:38:13.552,2497.39,0.000449,buy,586720964
'2025-05-21 19:38:13.552,2497.41,0.008903,buy,586720968
'2025-05-21 19:38:13.552,2497.42,0.00058,buy,586720969
'2025-05-21 19:38:13.553,2497.43,0.00069,buy,586720970
'2025-05-21 19:38:13.553,2497.44,0.025996,buy,586720974
'2025-05-21 19:38:13.553,2497.47,0.001222,buy,586720975
'2025-05-21 19:38:13.553,2497.48,0.0391,buy,586720976
'2025-05-21 19:38:13.553,2497.49,0.001033,buy,586720977
'2025-05-21 19:38:13.553,2497.5,0.268305,buy,586721001
'2025-05-21 19:38:13.561,2497.51,0.00662,sell,586721002
'2025-05-21 19:38:13.562,2497.52,0.00687,buy,586721003
'2025-05-21 19:38:13.562,2497.53,0.040567,buy,586721005
'2025-05-21 19:38:13.562,2497.55,0.025,buy,586721006
'2025-05-21 19:38:13.562,2497.56,0.040843,buy,586721008
'2025-05-21 19:38:13.562,2497.58,0.000178,buy,586721009
'2025-05-21 19:38:13.562,2497.6,0.0001,buy,586721010
'2025-05-21 19:38:13.562,2497.62,0.003525,buy,586721012
'2025-05-21 19:38:13.562,2497.64,0.003003,buy,586721016
'2025-05-21 19:38:13.562,2497.65,0.004498,buy,586721022
'2025-05-21 19:38:13.562,2497.66,0.206941,buy,586721024
'2025-05-21 19:38:13.613,2497.67,2.402104,buy,586721026
'2025-05-21 19:38:13.613,2497.68,0.002707,buy,586721027
'2025-05-21 19:38:13.629,2497.69,0.002702,buy,586721028
'2025-05-21 19:38:13.660,2497.69,0.800566,buy,586721030
'2025-05-21 19:38:13.748,2497.64,0.001626,sell,586721031
'2025-05-21 19:38:13.858,2497.64,0.931913,sell,586721032
'2025-05-21 19:38:13.864,2497.6,0.0001,sell,586721033
'2025-05-21 19:38:14.388,2497.6,0.0001,buy,586721034
'2025-05-21 19:38:14.388,2497.7,0.104144,buy,586721037
'2025-05-21 19:38:14.491,2497.71,0.003114,buy,586721039
'2025-05-21 19:38:14.746,2497.72,0.0189,buy,586721043
'2025-05-21 19:38:14.831,2497.74,0.005634,buy,586721046
'2025-05-21 19:38:14.831,2497.75,0.002592,buy,586721048
'2025-05-21 19:38:14.831,2497.76,0.017714,buy,586721050
'2025-05-21 19:38:14.831,2497.76,0.008232,buy,586721053
'2025-05-21 19:38:14.831,2497.77,0.011851,buy,586721057
'2025-05-21 19:38:14.832,2497.78,0.0395,buy,586721061
'2025-05-21 19:38:14.846,2497.78,0.000077,buy,586721062
'2025-05-21 19:38:14.846,2497.79,0.00034,buy,586721063
'2025-05-21 19:38:14.875,2497.82,0.002282,buy,586721065
'2025-05-21 19:38:14.946,2497.83,0.171142,buy,586721067
'2025-05-21 19:38:14.946,2497.84,0.009307,buy,586721071
'2025-05-21 19:38:15.046,2497.86,0.000526,buy,586721072
'2025-05-21 19:38:15.046,2497.89,0.000613,buy,586721073
'2025-05-21 19:38:15.046,2497.9,0.000922,buy,586721074
'2025-05-21 19:38:15.046,2497.91,0.000594,buy,586721075
'2025-05-21 19:38:15.046,2497.92,0.00013,buy,586721076
'2025-05-21 19:38:15.481,2497.96,0.001248,buy,586721077
'2025-05-21 19:38:15.481,2497.99,0.002239,buy,586721078
'2025-05-21 19:38:15.495,2498,2.4,buy,586721094
'2025-05-21 19:38:15.495,2498,3.138,buy,586721095
'2025-05-21 19:38:15.495,2498,0.877194,buy,586721096
'2025-05-21 19:38:15.495,2498,0.466806,buy,586721097
'2025-05-21 19:38:15.495,2498,11.087194,buy,586721098
'2025-05-21 19:38:15.496,2498,2.256,buy,586721099
'2025-05-21 19:38:15.496,2498,1.082,buy,586721100
'2025-05-21 19:38:15.496,2498,8.073,buy,586721101
'2025-05-21 19:38:15.496,2498,0.84188,buy,586721102
'2025-05-21 19:38:15.496,2498,4.14,buy,586721103
'2025-05-21 19:38:15.497,2498,0.846795,buy,586721104
'2025-05-21 19:38:15.498,2498,0.8812,buy,586721105
'2025-05-21 19:38:15.498,2498,22.3971,buy,586721106
'2025-05-21 19:38:15.498,2498,4.92918,buy,586721107
'2025-05-21 19:38:15.499,2498,0.087115,buy,586721108
'2025-05-21 19:38:15.499,2498,0.728388,buy,586721109
'2025-05-21 19:38:15.500,2498,11.582874,buy,586721110
'2025-05-21 19:38:15.500,2498,5.434876,buy,586721111
'2025-05-21 19:38:15.500,2498,0.48001,buy,586721112
'2025-05-21 19:38:15.501,2498,4.05,buy,586721113
'2025-05-21 19:38:15.505,2498,1.856855,buy,586721114
'2025-05-21 19:38:15.509,2498,12.418304,buy,586721118
'2025-05-21 19:38:15.509,2498.01,0.017333,buy,586721119
'2025-05-21 19:38:15.509,2498.02,0.003592,buy,586721120
'2025-05-21 19:38:15.509,2498.03,0.031544,buy,586721121
'2025-05-21 19:38:15.514,2498.04,0.244528,buy,586721129
'2025-05-21 19:38:15.514,2498.05,0.010457,buy,586721130
'2025-05-21 19:38:15.514,2498.07,0.951469,buy,586721133
'2025-05-21 19:38:15.521,2498.08,0.008005,sell,586721134
'2025-05-21 19:38:15.561,2498.09,0.002603,buy,586721136
'2025-05-21 19:38:15.562,2498.09,0.00383,sell,586721137
'2025-05-21 19:38:15.582,2498.1,0.83596,buy,586721144
'2025-05-21 19:38:16.540,2498.11,0.000757,buy,586721145
'2025-05-21 19:38:16.540,2498.12,0.000753,buy,586721146
'2025-05-21 19:38:16.540,2498.13,0.006491,buy,586721150
'2025-05-21 19:38:16.561,2498.12,0.00271,sell,586721151
'2025-05-21 19:38:17.159,2498.13,0.004474,buy,586721154
'2025-05-21 19:38:17.670,2498.15,0.066192,sell,586721156
'2025-05-21 19:38:19.199,2498.15,0.001,sell,586721157
'2025-05-21 19:38:19.610,2498.15,0.011923,sell,586721162
'2025-05-21 19:38:19.668,2498,0.0001,sell,586721163
'2025-05-21 19:38:19.668,2497.85,0.000424,sell,586721164
'2025-05-21 19:38:19.668,2497.81,0.0409,sell,586721165
'2025-05-21 19:38:19.671,2497.73,0.320199,sell,586721166
'2025-05-21 19:38:19.671,2497.69,0.0807,sell,586721167
'2025-05-21 19:38:19.679,2497.65,0.400215,sell,586721168
'2025-05-21 19:38:19.679,2497.6,0.0001,sell,586721169
'2025-05-21 19:38:19.721,2497.41,0.171,buy,586721170
'2025-05-21 19:38:20.655,2497.59,0.02012,sell,586721171
'2025-05-21 19:38:21.075,2497.7,0.046919,buy,586721172
'2025-05-21 19:38:21.955,2498,0.0001,buy,586721173
'2025-05-21 19:38:22.861,2498.13,0.0081,sell,586721175
'2025-05-21 19:38:22.861,2498,0.0001,sell,586721176
'2025-05-21 19:38:23.505,2498,0.01997,buy,586721177
'2025-05-21 19:38:23.704,2498,2.648795,buy,586721178
'2025-05-21 19:38:23.704,2498,6.154552,buy,586721179
'2025-05-21 19:38:23.704,2498,1.168583,buy,586721181
'2025-05-21 19:38:23.738,2498.14,0.067998,buy,586721182
'2025-05-21 19:38:23.738,2498.16,0.016623,buy,586721183
'2025-05-21 19:38:23.738,2498.18,0.001578,buy,586721185
'2025-05-21 19:38:23.738,2498.19,0.000405,buy,586721186
'2025-05-21 19:38:23.738,2498.2,0.02461,buy,586721190
'2025-05-21 19:38:23.738,2498.21,0.011412,buy,586721192
'2025-05-21 19:38:23.738,2498.24,0.010791,buy,586721193
'2025-05-21 19:38:23.738,2498.25,0.003363,buy,586721194
'2025-05-21 19:38:23.738,2498.26,0.000725,buy,586721195
'2025-05-21 19:38:23.788,2498.27,0.004828,buy,586721196
'2025-05-21 19:38:23.788,2498.28,0.00113,buy,586721197
'2025-05-21 19:38:24.792,2498.29,1.553249,buy,586721200
'2025-05-21 19:38:24.793,2498.29,0.476347,buy,586721201
'2025-05-21 19:38:24.793,2498.3,0.008446,buy,586721203
'2025-05-21 19:38:24.794,2498.32,0.000699,buy,586721204
'2025-05-21 19:38:24.797,2498.33,0.002923,buy,586721206
'2025-05-21 19:38:24.797,2498.35,0.020389,buy,586721208
'2025-05-21 19:38:24.797,2498.36,0.000869,buy,586721210
'2025-05-21 19:38:24.797,2498.4,0.016819,buy,586721211
'2025-05-21 19:38:24.797,2498.4,0.011,buy,586721212
'2025-05-21 19:38:24.797,2498.4,0.057367,buy,586721215
'2025-05-21 19:38:24.797,2498.42,0.002566,buy,586721217
'2025-05-21 19:38:24.797,2498.43,0.000527,buy,586721218
'2025-05-21 19:38:24.797,2498.44,0.01423,buy,586721223
'2025-05-21 19:38:24.801,2498.45,0.002045,buy,586721225
'2025-05-21 19:38:24.801,2498.46,0.010775,buy,586721229
'2025-05-21 19:38:24.801,2498.46,0.040717,buy,586721233
'2025-05-21 19:38:24.801,2498.47,0.012828,buy,586721238
'2025-05-21 19:38:24.801,2498.48,0.026472,buy,586721240
'2025-05-21 19:38:24.805,2498.48,0.012832,buy,586721241
'2025-05-21 19:38:24.805,2498.5,0.001475,buy,586721242
'2025-05-21 19:38:24.805,2498.52,0.014945,buy,586721246
'2025-05-21 19:38:24.805,2498.54,0.073998,buy,586721248
'2025-05-21 19:38:24.807,2498.54,0.029261,buy,586721249
'2025-05-21 19:38:24.807,2498.55,0.236039,buy,586721250
'2025-05-21 19:38:24.807,2498.55,1.78898,buy,586721251
'2025-05-21 19:38:24.897,2498.55,3.670264,buy,586721256
'2025-05-21 19:38:24.897,2498.57,0.002085,buy,586721258
'2025-05-21 19:38:24.897,2498.58,0.002643,buy,586721259
'2025-05-21 19:38:24.897,2498.59,0.00049,buy,586721260
'2025-05-21 19:38:24.897,2498.6,0.916772,buy,586721264
'2025-05-21 19:38:24.897,2498.61,0.025405,buy,586721266
'2025-05-21 19:38:24.897,2498.63,0.011886,buy,586721268
'2025-05-21 19:38:26.098,2498.63,0.088203,sell,586721271
'2025-05-21 19:38:26.171,2498.41,0.005,buy,586721272
'2025-05-21 19:38:27.008,2498.51,0.825589,sell,586721274
'2025-05-21 19:38:27.081,2498.52,0.001,buy,586721275
'2025-05-21 19:38:27.082,2498.59,0.004,buy,586721276
'2025-05-21 19:38:27.082,2498.6,0.001,buy,586721277
'2025-05-21 19:38:27.084,2498.63,0.001,buy,586721278
'2025-05-21 19:38:27.084,2498.64,0.062259,buy,586721283
'2025-05-21 19:38:27.084,2498.66,0.048579,buy,586721285
'2025-05-21 19:38:27.084,2498.68,0.012813,buy,586721286
'2025-05-21 19:38:27.084,2498.69,0.0392,buy,586721287
'2025-05-21 19:38:27.084,2498.71,0.00016,buy,586721288
'2025-05-21 19:38:27.084,2498.73,0.020791,buy,586721289
'2025-05-21 19:38:27.085,2498.74,0.000129,buy,586721290
'2025-05-21 19:38:27.085,2498.75,0.005738,buy,586721291
'2025-05-21 19:38:27.085,2498.76,0.051003,buy,586721292
'2025-05-21 19:38:27.085,2498.78,0.000438,buy,586721293
'2025-05-21 19:38:27.085,2498.79,0.005152,buy,586721294
'2025-05-21 19:38:27.085,2498.8,0.002196,buy,586721297
'2025-05-21 19:38:27.085,2498.81,0.0793,buy,586721298
'2025-05-21 19:38:27.085,2498.82,0.058137,buy,586721301
'2025-05-21 19:38:27.085,2498.83,0.075482,buy,586721304
'2025-05-21 19:38:27.085,2498.84,0.005638,buy,586721305
'2025-05-21 19:38:27.085,2498.85,0.000479,buy,586721306
'2025-05-21 19:38:27.085,2498.87,0.000343,buy,586721307
'2025-05-21 19:38:27.085,2498.88,0.007165,buy,586721310
'2025-05-21 19:38:27.085,2498.9,0.01688,buy,586721311
'2025-05-21 19:38:27.085,2498.92,0.001203,buy,586721313
'2025-05-21 19:38:27.085,2498.93,0.099917,buy,586721314
'2025-05-21 19:38:27.085,2498.94,0.07996,buy,586721316
'2025-05-21 19:38:27.086,2498.95,0.027863,buy,586721317
'2025-05-21 19:38:27.086,2498.97,0.002774,buy,586721319
'2025-05-21 19:38:27.086,2498.98,0.001007,buy,586721320
'2025-05-21 19:38:27.086,2498.99,0.137142,buy,586721321
'2025-05-21 19:38:27.086,2499,0.300858,buy,586721337
'2025-05-21 19:38:27.092,2498.95,0.001,buy,586721338
'2025-05-21 19:38:27.092,2499.01,0.031008,buy,586721340
'2025-05-21 19:38:27.092,2499.02,0.00248,buy,586721341
'2025-05-21 19:38:27.092,2499.04,0.542036,buy,586721344
'2025-05-21 19:38:27.092,2499.08,0.01267,buy,586721345
'2025-05-21 19:38:27.092,2499.1,0.084769,buy,586721346
'2025-05-21 19:38:27.098,2499.11,0.881,buy,586721348
'2025-05-21 19:38:27.131,2499.12,0.508166,sell,586721350
'2025-05-21 19:38:27.212,2499.13,0.002038,buy,586721351
'2025-05-21 19:38:27.247,2499.16,0.000251,buy,586721352
'2025-05-21 19:38:27.247,2499.17,0.000282,buy,586721353
'2025-05-21 19:38:27.247,2499.18,0.207356,buy,586721355
'2025-05-21 19:38:27.247,2499.19,0.068707,buy,586721356
'2025-05-21 19:38:27.247,2499.2,0.002098,buy,586721360
'2025-05-21 19:38:27.247,2499.21,0.003247,buy,586721363
'2025-05-21 19:38:27.247,2499.22,0.001426,buy,586721365
'2025-05-21 19:38:27.247,2499.23,0.002517,buy,586721366
'2025-05-21 19:38:27.247,2499.25,0.233943,buy,586721368
'2025-05-21 19:38:27.257,2499.27,0.005179,buy,586721369
'2025-05-21 19:38:27.257,2499.28,0.001377,buy,586721370
'2025-05-21 19:38:27.257,2499.29,0.000206,buy,586721371
'2025-05-21 19:38:27.257,2499.3,0.011003,buy,586721372
'2025-05-21 19:38:27.397,2499.3,0.196961,buy,586721373
'2025-05-21 19:38:27.397,2499.3,0.190895,buy,586721374
'2025-05-21 19:38:27.399,2499.3,0.189588,buy,586721375
'2025-05-21 19:38:27.402,2499.3,0.416557,buy,586721377
'2025-05-21 19:38:27.507,2499.31,0.002032,buy,586721379
'2025-05-21 19:38:27.507,2499.32,0.001326,buy,586721382
'2025-05-21 19:38:27.507,2499.33,0.003002,buy,586721385
'2025-05-21 19:38:27.507,2499.34,0.001241,buy,586721386
'2025-05-21 19:38:27.507,2499.35,0.000479,buy,586721387
'2025-05-21 19:38:27.507,2499.38,0.008029,buy,586721388
'2025-05-21 19:38:27.507,2499.41,0.002248,buy,586721389
'2025-05-21 19:38:27.508,2499.41,0.000752,sell,586721390
'2025-05-21 19:38:27.508,2499.38,0.007265,sell,586721391
'2025-05-21 19:38:27.509,2499.43,0.007834,buy,586721393
'2025-05-21 19:38:27.509,2499.45,0.000405,buy,586721394
'2025-05-21 19:38:27.509,2499.47,0.001073,buy,586721395
'2025-05-21 19:38:27.563,2499.48,0.01997,buy,586721397
'2025-05-21 19:38:27.566,2499.48,0.020147,buy,586721399
'2025-05-21 19:38:27.566,2499.5,0.048599,buy,586721404
'2025-05-21 19:38:27.566,2499.51,0.000789,buy,586721406
'2025-05-21 19:38:27.570,2499.49,0.00496,sell,586721407
'2025-05-21 19:38:27.811,2499.58,0.007728,buy,586721409
'2025-05-21 19:38:27.811,2499.6,0.107858,buy,586721421
'2025-05-21 19:38:27.811,2499.61,0.002306,buy,586721422
'2025-05-21 19:38:27.811,2499.62,0.008913,buy,586721425
'2025-05-21 19:38:27.811,2499.63,0.000873,buy,586721426
'2025-05-21 19:38:27.997,2499.65,0.255771,buy,586721432
'2025-05-21 19:38:28.019,2499.65,0.103,buy,586721433
'2025-05-21 19:38:28.248,2499.65,0.01997,buy,586721434
'2025-05-21 19:38:28.251,2499.66,0.010871,buy,586721435
'2025-05-21 19:38:28.251,2499.67,0.000413,buy,586721436
'2025-05-21 19:38:28.251,2499.68,0.004586,buy,586721437
'2025-05-21 19:38:28.251,2499.69,0.001584,buy,586721438
'2025-05-21 19:38:28.252,2499.71,0.009702,buy,586721439
'2025-05-21 19:38:28.252,2499.72,0.010268,buy,586721440
'2025-05-21 19:38:28.256,2499.72,0.00379,buy,586721441
'2025-05-21 19:38:28.256,2499.74,0.000729,buy,586721443
'2025-05-21 19:38:28.256,2499.76,0.000647,buy,586721444
'2025-05-21 19:38:28.256,2499.77,0.039,buy,586721445
'2025-05-21 19:38:28.261,2499.78,0.001256,buy,586721446
'2025-05-21 19:38:28.261,2499.8,0.103588,buy,586721449
'2025-05-21 19:38:28.261,2499.82,0.001423,buy,586721450
'2025-05-21 19:38:28.337,2499.87,0.17,buy,586721452
'2025-05-21 19:38:28.337,2499.87,0.44,buy,586721453
'2025-05-21 19:38:28.343,2499.87,0.882163,buy,586721454
'2025-05-21 19:38:28.568,2499.79,0.05069,sell,586721455
'2025-05-21 19:38:28.699,2499.79,0.001,sell,586721456
'2025-05-21 19:38:28.734,2499.79,0.007,sell,586721457
'2025-05-21 19:38:28.734,2499.64,0.659143,sell,586721458
'2025-05-21 19:38:28.795,2499.6,0.0001,sell,586721459
'2025-05-21 19:38:28.795,2499.5,0.799586,sell,586721460
'2025-05-21 19:38:30.026,2499.6,0.0001,buy,586721461
'2025-05-21 19:38:30.026,2499.73,0.051069,buy,586721463
'2025-05-21 19:38:30.575,2499.79,0.02214,sell,586721464
'2025-05-21 19:38:30.948,2499.8,0.141,buy,586721466
'2025-05-21 19:38:31.546,2499.81,0.012296,sell,586721469
'2025-05-21 19:38:31.788,2499.6,0.368105,sell,586721471
'2025-05-21 19:38:31.788,2499.5,0.012002,sell,586721472
'2025-05-21 19:38:31.821,2499.22,0.124453,buy,586721473
'2025-05-21 19:38:31.847,2499.22,0.01997,buy,586721474
'2025-05-21 19:38:32.082,2499.31,0.00624,buy,586721475
'2025-05-21 19:38:32.082,2499.31,6.70676,buy,586721479
'2025-05-21 19:38:32.082,2499.39,2.655,buy,586721480
'2025-05-21 19:38:32.082,2499.4,0.747,buy,586721481
'2025-05-21 19:38:32.087,2499.31,0.60471,buy,586721482
'2025-05-21 19:38:32.087,2499.31,1.53325,buy,586721483
'2025-05-21 19:38:32.087,2499.59,0.039,buy,586721484
'2025-05-21 19:38:32.087,2499.6,0.0001,buy,586721485
'2025-05-21 19:38:32.088,2499.71,0.0792,buy,586721486
'2025-05-21 19:38:32.088,2499.82,0.60471,buy,586721487
'2025-05-21 19:38:32.088,2499.82,0.60471,buy,586721488
'2025-05-21 19:38:32.089,2499.82,0.4,buy,586721489
'2025-05-21 19:38:32.089,2499.82,1.04558,buy,586721490
'2025-05-21 19:38:32.089,2499.84,0.0792,buy,586721491
'2025-05-21 19:38:32.089,2499.87,0.000404,buy,586721492
'2025-05-21 19:38:32.089,2499.9,0.003886,buy,586721494
'2025-05-21 19:38:32.089,2499.92,0.000669,buy,586721495
'2025-05-21 19:38:32.089,2499.96,0.16,buy,586721496
'2025-05-21 19:38:32.089,2499.97,0.029543,buy,586721501
'2025-05-21 19:38:32.089,2499.98,0.015089,buy,586721510
'2025-05-21 19:38:32.089,2499.99,2.335481,buy,586721675
'2025-05-21 19:38:32.089,2500,49.097495,buy,586722143
'2025-05-21 19:38:32.089,2500.01,0.000781,buy,586722144
'2025-05-21 19:38:32.089,2500.02,0.000449,buy,586722145
'2025-05-21 19:38:32.090,2500.05,0.000306,buy,586722146
'2025-05-21 19:38:32.090,2500.07,0.002738,buy,586722148
'2025-05-21 19:38:32.090,2500.08,0.003075,buy,586722151
'2025-05-21 19:38:32.090,2500.09,0.1599,buy,586722152
'2025-05-21 19:38:32.090,2500.1,0.00075,buy,586722154
'2025-05-21 19:38:32.090,2500.11,0.062883,buy,586722158
'2025-05-21 19:38:32.090,2500.12,0.003548,buy,586722161
'2025-05-21 19:38:32.098,2500,0.001,buy,586722162
'2025-05-21 19:38:32.108,2499.91,2.4,buy,586722163
'2025-05-21 19:38:32.108,2499.92,0.398735,buy,586722164
'2025-05-21 19:38:32.109,2499.82,0.168725,sell,586722165
'2025-05-21 19:38:32.111,2499.82,0.09992,sell,586722166
'2025-05-21 19:38:32.111,2499.82,2.540462,sell,586722167
'2025-05-21 19:38:32.111,2499.81,2.455226,sell,586722168
'2025-05-21 19:38:32.112,2499.81,13.672993,sell,586722169
'2025-05-21 19:38:32.175,2499.45,0.692702,buy,586722170
'2025-05-21 19:38:32.176,2499.45,0.846003,buy,586722171
'2025-05-21 19:38:32.225,2499.49,0.243418,sell,586722172
'2025-05-21 19:38:32.233,2499.44,0.274002,buy,586722173
'2025-05-21 19:38:32.237,2499.41,0.262801,buy,586722174
'2025-05-21 19:38:32.238,2499.41,0.1992,buy,586722175
'2025-05-21 19:38:32.243,2499.41,0.1994,buy,586722176
'2025-05-21 19:38:32.245,2499.41,0.242299,buy,586722178
'2025-05-21 19:38:32.245,2499.5,0.148101,buy,586722179
'2025-05-21 19:38:32.246,2499.5,0.1573,buy,586722180
'2025-05-21 19:38:32.569,2499.48,0.22558,sell,586722181
'2025-05-21 19:38:32.768,2499.59,0.001,sell,586722182
'2025-05-21 19:38:33.067,2499.48,0.0081,sell,586722184
'2025-05-21 19:38:33.087,2499.21,0.020374,sell,586722185
'2025-05-21 19:38:33.087,2499.2,0.0001,sell,586722186
'2025-05-21 19:38:33.087,2499.15,0.102238,sell,586722187
'2025-05-21 19:38:33.087,2499.13,0.267367,sell,586722188
'2025-05-21 19:38:33.087,2499.12,0.408355,sell,586722189
'2025-05-21 19:38:33.087,2499.11,0.35,sell,586722190
'2025-05-21 19:38:33.087,2499.1,0.084769,sell,586722191
'2025-05-21 19:38:33.087,2499.05,2.655,sell,586722192
'2025-05-21 19:38:33.087,2499,0.002404,sell,586722193
'2025-05-21 19:38:33.087,2498.92,0.362658,sell,586722194
'2025-05-21 19:38:33.087,2498.91,0.2332,sell,586722195
'2025-05-21 19:38:33.087,2498.89,0.320051,sell,586722196
'2025-05-21 19:38:33.087,2498.88,2.008035,sell,586722197
'2025-05-21 19:38:33.087,2498.87,0.2,sell,586722198
'2025-05-21 19:38:33.087,2498.84,0.025137,sell,586722201
'2025-05-21 19:38:33.087,2498.83,3.363459,sell,586722202
'2025-05-21 19:38:33.096,2498.93,1.15266,buy,586722203
'2025-05-21 19:38:33.096,2499.01,0.56887,buy,586722204
'2025-05-21 19:38:33.096,2499.04,0.410417,buy,586722205
'2025-05-21 19:38:33.796,2499.5,0.002,buy,586722206
'2025-05-21 19:38:35.249,2499.6,0.020355,buy,586722207
'2025-05-21 19:38:36.566,2499.8,0.084769,buy,586722208
'2025-05-21 19:38:36.639,2499.98,0.008072,sell,586722209
'2025-05-21 19:38:36.820,2499.99,0.810539,buy,586722211
'2025-05-21 19:38:37.218,2499.98,0.008,sell,586722212
'2025-05-21 19:38:37.387,2499.8,0.004781,buy,586722213
'2025-05-21 19:38:37.387,2499.8,0.004781,buy,586722214
'2025-05-21 19:38:37.387,2499.8,0.004781,buy,586722215
'2025-05-21 19:38:37.387,2499.8,0.004781,buy,586722216
'2025-05-21 19:38:37.387,2499.8,0.004781,buy,586722217
'2025-05-21 19:38:37.387,2499.8,0.004781,buy,586722219
'2025-05-21 19:38:37.387,2499.8,0.004781,buy,586722220
'2025-05-21 19:38:37.387,2499.8,0.004781,buy,586722221
'2025-05-21 19:38:37.387,2499.8,0.004781,buy,586722222
'2025-05-21 19:38:37.387,2499.8,0.004781,buy,586722223
'2025-05-21 19:38:37.387,2499.8,0.004781,buy,586722224
'2025-05-21 19:38:37.387,2499.8,0.004781,buy,586722225
'2025-05-21 19:38:37.387,2499.8,0.004781,buy,586722226
'2025-05-21 19:38:37.387,2499.8,0.004781,buy,586722227
'2025-05-21 19:38:37.387,2499.8,0.004781,buy,586722228
'2025-05-21 19:38:37.387,2499.8,0.004781,buy,586722229
'2025-05-21 19:38:37.387,2499.8,0.004781,buy,586722230
'2025-05-21 19:38:37.387,2499.8,0.004781,buy,586722231
'2025-05-21 19:38:37.387,2499.8,0.004781,buy,586722232
'2025-05-21 19:38:37.387,2499.8,0.004781,buy,586722233
'2025-05-21 19:38:37.387,2499.8,0.004781,buy,586722234
'2025-05-21 19:38:37.387,2499.8,0.004781,buy,586722235
'2025-05-21 19:38:37.387,2499.8,0.004781,buy,586722236
'2025-05-21 19:38:37.387,2499.8,0.004781,buy,586722237
'2025-05-21 19:38:37.387,2499.8,0.000563,buy,586722238
'2025-05-21 19:38:37.827,2499.79,0.051738,sell,586722241
'2025-05-21 19:38:38.577,2499.61,0.003124,buy,586722242
'2025-05-21 19:38:38.680,2499.79,0.001624,sell,586722243
'2025-05-21 19:38:39.014,2499.79,0.008,sell,586722244
'2025-05-21 19:38:39.686,2499.6,0.0124,sell,586722247
'2025-05-21 19:38:39.686,2499.54,0.2,sell,586722248
'2025-05-21 19:38:39.686,2499.48,0.2,sell,586722249
'2025-05-21 19:38:39.686,2499.41,0.0412,sell,586722250
'2025-05-21 19:38:41.188,2500,0.052464,buy,586722253
'2025-05-21 19:38:41.302,2500.15,0.00131,buy,586722255
'2025-05-21 19:38:41.302,2500.17,0.0002,buy,586722256
'2025-05-21 19:38:41.302,2500.18,0.002,buy,586722257
'2025-05-21 19:38:41.302,2500.19,0.000653,buy,586722258
'2025-05-21 19:38:41.302,2500.21,0.007188,buy,586722259
'2025-05-21 19:38:41.302,2500.22,0.043831,buy,586722262
'2025-05-21 19:38:41.302,2500.27,0.001885,buy,586722263
'2025-05-21 19:38:41.302,2500.28,0.000609,buy,586722264
'2025-05-21 19:38:41.302,2500.29,0.000292,buy,586722265
'2025-05-21 19:38:41.302,2500.3,0.021094,buy,586722268
'2025-05-21 19:38:41.305,2500.33,0.001431,buy,586722270
'2025-05-21 19:38:41.305,2500.34,0.037369,buy,586722271
'2025-05-21 19:38:41.306,2500.34,0.001431,buy,586722272
'2025-05-21 19:38:41.306,2500.36,0.00169,buy,586722273
'2025-05-21 19:38:41.306,2500.38,0.051189,buy,586722277
'2025-05-21 19:38:41.309,2500.38,0.00313,buy,586722278
'2025-05-21 19:38:41.309,2500.39,0.000222,buy,586722279
'2025-05-21 19:38:41.309,2500.4,0.003696,buy,586722281
'2025-05-21 19:38:41.309,2500.42,0.166273,buy,586722287
'2025-05-21 19:38:41.310,2500.43,0.004706,buy,586722289
'2025-05-21 19:38:41.310,2500.44,0.003649,buy,586722290
'2025-05-21 19:38:41.310,2500.45,0.146435,buy,586722291
'2025-05-21 19:38:41.310,2500.47,0.000629,buy,586722292
'2025-05-21 19:38:41.455,2500.49,0.028319,buy,586722295
'2025-05-21 19:38:41.455,2500.5,0.131089,buy,586722299
'2025-05-21 19:38:41.670,2500.52,0.011909,buy,586722301
'2025-05-21 19:38:41.670,2500.53,0.001529,buy,586722302
'2025-05-21 19:38:41.670,2500.54,0.000714,buy,586722303
'2025-05-21 19:38:41.670,2500.55,0.000443,buy,586722304
'2025-05-21 19:38:41.670,2500.56,0.002035,buy,586722305
'2025-05-21 19:38:41.670,2500.58,0.001496,buy,586722307
'2025-05-21 19:38:41.670,2500.6,0.603214,buy,586722308
