ts,price,size,side,trade_id
'2025-05-21 19:35:28.681,0.8304,91.105,buy,83712910
'2025-05-21 19:35:28.681,0.8306,1113.136,buy,83712912
'2025-05-21 19:35:28.681,0.8307,508.592,buy,83712915
'2025-05-21 19:35:29.172,0.8305,6.02,buy,83712916
'2025-05-21 19:35:32.971,0.8304,1.004,sell,83712917
'2025-05-21 19:35:32.971,0.8303,63.471,sell,83712919
'2025-05-21 19:35:33.586,0.8305,38.214,buy,83712920
'2025-05-21 19:35:36.249,0.8305,142.088,buy,83712921
'2025-05-21 19:35:37.313,0.8304,350.293,buy,83712922
'2025-05-21 19:35:37.445,0.8304,2,sell,83712923
'2025-05-21 19:35:38.551,0.8305,30.389,buy,83712924
'2025-05-21 19:35:38.573,0.8306,22.043,buy,83712926
'2025-05-21 19:35:38.574,0.8306,67.214,buy,83712927
'2025-05-21 19:35:38.581,0.8307,1.004,buy,83712928
'2025-05-21 19:35:38.687,0.8308,117.262,buy,83712931
'2025-05-21 19:35:38.829,0.8308,350.293,sell,83712932
'2025-05-21 19:35:38.918,0.8306,962.62,sell,83712934
'2025-05-21 19:35:39.381,0.8309,6.086,buy,83712936
'2025-05-21 19:35:39.381,0.831,11.586,buy,83712937
'2025-05-21 19:35:39.381,0.831,17.672,buy,83712942
'2025-05-21 19:35:39.381,0.831,17.672,buy,83712943
'2025-05-21 19:35:39.381,0.831,17.672,buy,83712944
'2025-05-21 19:35:39.381,0.831,17.672,buy,83712945
'2025-05-21 19:35:39.381,0.831,17.672,buy,83712946
'2025-05-21 19:35:39.381,0.831,17.672,buy,83712947
'2025-05-21 19:35:39.381,0.831,17.672,buy,83712948
'2025-05-21 19:35:39.381,0.831,17.672,buy,83712949
'2025-05-21 19:35:39.381,0.831,17.672,buy,83712950
'2025-05-21 19:35:39.381,0.831,17.672,buy,83712951
'2025-05-21 19:35:39.381,0.831,17.672,buy,83712952
'2025-05-21 19:35:39.381,0.831,17.672,buy,83712953
'2025-05-21 19:35:39.381,0.831,17.672,buy,83712954
'2025-05-21 19:35:39.381,0.831,17.672,buy,83712955
'2025-05-21 19:35:39.381,0.831,17.672,buy,83712956
'2025-05-21 19:35:39.381,0.831,17.672,buy,83712957
'2025-05-21 19:35:39.381,0.831,17.672,buy,83712958
'2025-05-21 19:35:39.381,0.831,17.672,buy,83712959
'2025-05-21 19:35:39.381,0.831,17.672,buy,83712960
'2025-05-21 19:35:39.381,0.831,17.672,buy,83712961
'2025-05-21 19:35:39.381,0.831,17.672,buy,83712962
'2025-05-21 19:35:39.381,0.831,17.672,buy,83712963
'2025-05-21 19:35:39.381,0.831,17.672,buy,83712964
'2025-05-21 19:35:39.381,0.831,17.672,buy,83712965
'2025-05-21 19:35:39.381,0.831,17.672,buy,83712966
'2025-05-21 19:35:39.381,0.831,17.672,buy,83712967
'2025-05-21 19:35:39.381,0.831,17.672,buy,83712968
'2025-05-21 19:35:39.381,0.831,17.672,buy,83712969
'2025-05-21 19:35:39.381,0.831,17.672,buy,83712970
'2025-05-21 19:35:39.381,0.831,17.672,buy,83712971
'2025-05-21 19:35:39.381,0.831,17.672,buy,83712972
'2025-05-21 19:35:39.381,0.831,17.672,buy,83712973
'2025-05-21 19:35:39.381,0.831,17.672,buy,83712974
'2025-05-21 19:35:39.381,0.831,17.672,buy,83712975
'2025-05-21 19:35:39.381,0.831,17.672,buy,83712976
'2025-05-21 19:35:39.381,0.831,17.672,buy,83712977
'2025-05-21 19:35:39.381,0.831,17.672,buy,83712978
'2025-05-21 19:35:39.381,0.831,17.672,buy,83712979
'2025-05-21 19:35:39.381,0.831,17.672,buy,83712980
'2025-05-21 19:35:39.381,0.831,17.672,buy,83712981
'2025-05-21 19:35:39.381,0.831,17.672,buy,83712982
'2025-05-21 19:35:39.381,0.831,17.672,buy,83712983
'2025-05-21 19:35:39.381,0.831,17.672,buy,83712984
'2025-05-21 19:35:39.381,0.831,17.672,buy,83712985
'2025-05-21 19:35:39.381,0.831,17.672,buy,83712986
'2025-05-21 19:35:39.381,0.831,17.672,buy,83712987
'2025-05-21 19:35:39.381,0.831,17.672,buy,83712988
'2025-05-21 19:35:39.381,0.831,17.672,buy,83712989
'2025-05-21 19:35:39.381,0.831,17.672,buy,83712990
'2025-05-21 19:35:39.381,0.831,17.672,buy,83712991
'2025-05-21 19:35:39.381,0.831,17.672,buy,83712992
'2025-05-21 19:35:39.381,0.831,17.672,buy,83712995
'2025-05-21 19:35:39.381,0.831,17.672,buy,83713000
'2025-05-21 19:35:39.414,0.8309,31.091,sell,83713001
'2025-05-21 19:35:41.767,0.8307,12.04,sell,83713002
'2025-05-21 19:35:42.815,0.8307,931.926,sell,83713005
'2025-05-21 19:35:42.817,0.8307,398.946,sell,83713007
'2025-05-21 19:35:42.817,0.8306,4145.523,sell,83713017
'2025-05-21 19:35:42.820,0.8307,846.842,sell,83713018
'2025-05-21 19:35:42.820,0.8306,338.567,sell,83713024
'2025-05-21 19:35:42.826,0.8306,60.379,sell,83713025
'2025-05-21 19:35:42.831,0.8307,120.38,sell,83713026
'2025-05-21 19:35:43.108,0.8306,3.473,sell,83713027
'2025-05-21 19:35:44.182,0.8308,9.888,buy,83713028
'2025-05-21 19:35:46.141,0.8308,84.513,buy,83713029
'2025-05-21 19:35:47.068,0.8309,348.741,buy,83713034
'2025-05-21 19:35:47.068,0.831,805.195,buy,83713060
'2025-05-21 19:35:50.586,0.8309,20.459,buy,83713061
'2025-05-21 19:35:51.733,0.8307,150,sell,83713063
'2025-05-21 19:35:56.148,0.8307,683.349,sell,83713066
'2025-05-21 19:35:56.369,0.8306,3.014,sell,83713067
'2025-05-21 19:35:56.369,0.8305,495.096,sell,83713069
'2025-05-21 19:35:56.925,0.8306,88.869,buy,83713070
'2025-05-21 19:35:57.175,0.8308,138.868,sell,83713071
'2025-05-21 19:35:57.626,0.8308,85.496,buy,83713072
'2025-05-21 19:35:57.626,0.8309,526.964,buy,83713073
'2025-05-21 19:35:57.746,0.8307,18.945,sell,83713074
'2025-05-21 19:35:58.290,0.8308,88.734,buy,83713075
'2025-05-21 19:35:58.290,0.8309,176.928,buy,83713076
'2025-05-21 19:35:59.283,0.8309,240.802,buy,83713078
'2025-05-21 19:36:00.554,0.831,1.581,buy,83713079
'2025-05-21 19:36:00.554,0.831,1.581,buy,83713080
'2025-05-21 19:36:00.554,0.831,1.581,buy,83713081
'2025-05-21 19:36:00.554,0.831,1.581,buy,83713082
'2025-05-21 19:36:00.554,0.831,1.581,buy,83713083
'2025-05-21 19:36:00.554,0.831,1.581,buy,83713084
'2025-05-21 19:36:00.554,0.831,1.581,buy,83713085
'2025-05-21 19:36:00.554,0.831,1.581,buy,83713086
'2025-05-21 19:36:00.554,0.831,1.581,buy,83713087
'2025-05-21 19:36:00.554,0.831,1.581,buy,83713088
'2025-05-21 19:36:00.554,0.831,1.581,buy,83713089
'2025-05-21 19:36:00.554,0.831,1.581,buy,83713090
'2025-05-21 19:36:00.554,0.831,1.581,buy,83713091
'2025-05-21 19:36:00.554,0.831,1.581,buy,83713092
'2025-05-21 19:36:00.554,0.831,1.581,buy,83713093
'2025-05-21 19:36:00.554,0.831,1.581,buy,83713094
'2025-05-21 19:36:00.554,0.831,1.581,buy,83713095
'2025-05-21 19:36:00.554,0.831,1.581,buy,83713096
'2025-05-21 19:36:00.554,0.831,1.581,buy,83713097
'2025-05-21 19:36:00.554,0.831,1.581,buy,83713098
'2025-05-21 19:36:00.554,0.831,1.581,buy,83713099
'2025-05-21 19:36:00.554,0.831,1.581,buy,83713100
'2025-05-21 19:36:00.554,0.831,1.581,buy,83713101
'2025-05-21 19:36:00.554,0.831,1.581,buy,83713102
'2025-05-21 19:36:00.554,0.831,1.581,buy,83713103
'2025-05-21 19:36:00.554,0.831,1.581,buy,83713104
'2025-05-21 19:36:00.554,0.831,1.581,buy,83713105
'2025-05-21 19:36:00.554,0.831,1.581,buy,83713106
'2025-05-21 19:36:00.554,0.831,1.581,buy,83713107
'2025-05-21 19:36:00.554,0.831,1.581,buy,83713108
'2025-05-21 19:36:00.554,0.831,1.581,buy,83713109
'2025-05-21 19:36:00.554,0.831,1.581,buy,83713110
'2025-05-21 19:36:00.554,0.831,1.581,buy,83713111
'2025-05-21 19:36:00.554,0.831,1.581,buy,83713112
'2025-05-21 19:36:00.554,0.831,1.581,buy,83713113
'2025-05-21 19:36:00.554,0.831,1.581,buy,83713114
'2025-05-21 19:36:00.554,0.831,1.581,buy,83713115
'2025-05-21 19:36:00.554,0.831,1.581,buy,83713116
'2025-05-21 19:36:00.554,0.831,1.581,buy,83713117
'2025-05-21 19:36:00.554,0.831,1.581,buy,83713118
'2025-05-21 19:36:00.554,0.831,1.581,buy,83713119
'2025-05-21 19:36:00.554,0.831,1.581,buy,83713120
'2025-05-21 19:36:00.554,0.831,1.581,buy,83713121
'2025-05-21 19:36:00.554,0.831,1.581,buy,83713122
'2025-05-21 19:36:00.554,0.831,1.581,buy,83713123
'2025-05-21 19:36:00.554,0.831,1.581,buy,83713124
'2025-05-21 19:36:00.554,0.831,1.581,buy,83713125
'2025-05-21 19:36:00.554,0.831,1.581,buy,83713126
'2025-05-21 19:36:00.554,0.831,1.581,buy,83713127
'2025-05-21 19:36:00.554,0.831,1.581,buy,83713128
'2025-05-21 19:36:00.554,0.831,1.581,buy,83713129
'2025-05-21 19:36:00.554,0.831,1.581,buy,83713130
'2025-05-21 19:36:00.554,0.831,1.581,buy,83713131
'2025-05-21 19:36:00.554,0.831,1.581,buy,83713132
'2025-05-21 19:36:00.554,0.831,1.581,buy,83713133
'2025-05-21 19:36:00.554,0.831,1.581,buy,83713134
'2025-05-21 19:36:00.554,0.831,1.581,buy,83713135
'2025-05-21 19:36:00.554,0.831,1.581,buy,83713136
'2025-05-21 19:36:00.554,0.831,1.581,buy,83713137
'2025-05-21 19:36:00.554,0.831,1.581,buy,83713138
'2025-05-21 19:36:00.554,0.831,1.581,buy,83713139
'2025-05-21 19:36:00.554,0.831,1.581,buy,83713140
'2025-05-21 19:36:00.554,0.831,1.581,buy,83713141
'2025-05-21 19:36:00.554,0.831,1.581,buy,83713142
'2025-05-21 19:36:00.554,0.831,1.581,buy,83713143
'2025-05-21 19:36:00.554,0.831,1.581,buy,83713144
'2025-05-21 19:36:00.554,0.831,1.581,buy,83713145
'2025-05-21 19:36:00.554,0.831,1.581,buy,83713146
'2025-05-21 19:36:00.554,0.831,1.581,buy,83713147
'2025-05-21 19:36:00.554,0.831,1.581,buy,83713148
'2025-05-21 19:36:00.554,0.831,1.581,buy,83713149
'2025-05-21 19:36:00.554,0.831,1.581,buy,83713150
'2025-05-21 19:36:00.554,0.831,1.581,buy,83713151
'2025-05-21 19:36:00.554,0.831,1.581,buy,83713152
'2025-05-21 19:36:00.554,0.831,1.581,buy,83713153
'2025-05-21 19:36:00.554,0.831,1.581,buy,83713154
'2025-05-21 19:36:00.554,0.831,1.581,buy,83713155
'2025-05-21 19:36:00.554,0.831,1.581,buy,83713156
'2025-05-21 19:36:00.554,0.831,1.581,buy,83713157
'2025-05-21 19:36:00.554,0.831,1.581,buy,83713158
'2025-05-21 19:36:00.554,0.831,1.581,buy,83713159
'2025-05-21 19:36:00.555,0.831,1.581,buy,83713160
'2025-05-21 19:36:00.555,0.831,1.581,buy,83713161
'2025-05-21 19:36:00.555,0.831,1.581,buy,83713162
'2025-05-21 19:36:00.555,0.831,1.581,buy,83713163
'2025-05-21 19:36:00.555,0.831,1.581,buy,83713164
'2025-05-21 19:36:00.555,0.831,1.581,buy,83713165
'2025-05-21 19:36:00.555,0.831,1.581,buy,83713166
'2025-05-21 19:36:00.555,0.831,1.581,buy,83713167
'2025-05-21 19:36:00.555,0.831,1.581,buy,83713168
'2025-05-21 19:36:00.555,0.831,1.581,buy,83713169
'2025-05-21 19:36:00.555,0.831,1.581,buy,83713170
'2025-05-21 19:36:00.555,0.831,1.581,buy,83713171
'2025-05-21 19:36:00.555,0.831,1.581,buy,83713172
'2025-05-21 19:36:00.555,0.831,1.581,buy,83713173
'2025-05-21 19:36:00.555,0.831,1.581,buy,83713174
'2025-05-21 19:36:00.555,0.831,1.581,buy,83713175
'2025-05-21 19:36:00.555,0.831,1.581,buy,83713176
'2025-05-21 19:36:00.555,0.831,1.581,buy,83713177
'2025-05-21 19:36:00.555,0.831,1.581,buy,83713178
'2025-05-21 19:36:00.555,0.831,1.581,buy,83713179
'2025-05-21 19:36:00.555,0.831,1.581,buy,83713180
'2025-05-21 19:36:00.555,0.831,1.581,buy,83713182
'2025-05-21 19:36:00.555,0.831,1.581,buy,83713184
'2025-05-21 19:36:00.555,0.831,1.581,buy,83713185
'2025-05-21 19:36:00.555,0.831,1.581,buy,83713186
'2025-05-21 19:36:00.555,0.831,1.581,buy,83713187
'2025-05-21 19:36:00.555,0.831,1.581,buy,83713188
'2025-05-21 19:36:00.555,0.831,1.581,buy,83713189
'2025-05-21 19:36:00.555,0.831,1.581,buy,83713190
'2025-05-21 19:36:00.555,0.831,1.581,buy,83713191
'2025-05-21 19:36:00.573,0.831,467.081,buy,83713194
'2025-05-21 19:36:01.022,0.8311,1011.245,buy,83713211
'2025-05-21 19:36:01.024,0.8312,554.011,buy,83713244
'2025-05-21 19:36:01.034,0.8313,2.526,buy,83713246
'2025-05-21 19:36:01.047,0.8312,601.367,sell,83713253
'2025-05-21 19:36:01.049,0.8312,265.817,sell,83713254
'2025-05-21 19:36:01.049,0.8311,14.611,sell,83713255
'2025-05-21 19:36:01.815,0.8313,162.367,buy,83713257
'2025-05-21 19:36:02.222,0.8313,16.841,buy,83713258
'2025-05-21 19:36:03.257,0.8312,37.768,sell,83713259
'2025-05-21 19:36:04.737,0.8311,64.464,sell,83713260
'2025-05-21 19:36:05.438,0.8313,2166.729,buy,83713280
'2025-05-21 19:36:05.440,0.8314,293.313,buy,83713286
'2025-05-21 19:36:05.457,0.8313,44.149,sell,83713287
'2025-05-21 19:36:05.606,0.8313,273,sell,83713289
'2025-05-21 19:36:06.386,0.8314,61.927,buy,83713296
'2025-05-21 19:36:06.386,0.8315,242.875,buy,83713327
'2025-05-21 19:36:06.419,0.8315,53.494,sell,83713328
'2025-05-21 19:36:06.471,0.8316,52.904,buy,83713339
'2025-05-21 19:36:06.471,0.8317,103.414,buy,83713345
'2025-05-21 19:36:06.473,0.8318,40.725,buy,83713357
'2025-05-21 19:36:07.072,0.8319,42.821,buy,83713372
'2025-05-21 19:36:07.072,0.832,1025.618,buy,83713386
'2025-05-21 19:36:07.072,0.832,768.446,buy,83713441
'2025-05-21 19:36:07.075,0.8321,456.522,buy,83713453
'2025-05-21 19:36:07.080,0.832,47.718,sell,83713454
'2025-05-21 19:36:07.084,0.8322,30.04,buy,83713457
'2025-05-21 19:36:07.085,0.832,166.562,sell,83713459
'2025-05-21 19:36:07.089,0.8321,60.409,sell,83713460
'2025-05-21 19:36:07.090,0.8322,66.089,buy,83713464
'2025-05-21 19:36:07.094,0.8321,1039.513,sell,83713468
'2025-05-21 19:36:07.104,0.8321,199.552,sell,83713470
'2025-05-21 19:36:07.104,0.832,1839.357,sell,83713474
'2025-05-21 19:36:07.113,0.8321,176.487,sell,83713476
'2025-05-21 19:36:07.113,0.832,564.348,sell,83713479
'2025-05-21 19:36:07.123,0.832,476.634,sell,83713484
'2025-05-21 19:36:07.133,0.832,2205.305,sell,83713489
'2025-05-21 19:36:07.137,0.8321,166.602,sell,83713490
'2025-05-21 19:36:07.137,0.832,858.598,sell,83713494
'2025-05-21 19:36:07.137,0.8319,518.432,sell,83713498
'2025-05-21 19:36:07.621,0.8319,44.253,sell,83713500
'2025-05-21 19:36:07.726,0.8322,576.09,buy,83713509
'2025-05-21 19:36:08.381,0.8322,1.004,buy,83713510
'2025-05-21 19:36:08.381,0.8323,81.584,buy,83713511
'2025-05-21 19:36:08.452,0.8321,57.436,sell,83713512
'2025-05-21 19:36:08.873,0.832,97.196,sell,83713513
'2025-05-21 19:36:08.873,0.8319,14.004,sell,83713514
'2025-05-21 19:36:10.883,0.8321,350.293,buy,83713515
'2025-05-21 19:36:11.182,0.8323,1450.569,buy,83713539
'2025-05-21 19:36:12.450,0.8322,60.169,sell,83713540
'2025-05-21 19:36:12.613,0.8324,50.043,buy,83713551
'2025-05-21 19:36:12.613,0.8325,70.978,buy,83713568
'2025-05-21 19:36:12.835,0.8324,26.565,sell,83713569
'2025-05-21 19:36:13.506,0.8324,12.094,sell,83713570
'2025-05-21 19:36:13.743,0.8325,3.461,buy,83713572
'2025-05-21 19:36:14.454,0.8324,5.237,sell,83713573
'2025-05-21 19:36:16.241,0.8324,2063.075,sell,83713574
'2025-05-21 19:36:16.569,0.8322,1.004,sell,83713575
'2025-05-21 19:36:16.795,0.8321,2.832,sell,83713576
'2025-05-21 19:36:17.342,0.8322,12.178,buy,83713577
'2025-05-21 19:36:18.452,0.8322,118.556,buy,83713579
'2025-05-21 19:36:18.792,0.8323,16.387,buy,83713580
'2025-05-21 19:36:18.968,0.8322,2.521,sell,83713581
'2025-05-21 19:36:19.261,0.8322,99.477,buy,83713582
'2025-05-21 19:36:19.643,0.8323,542.919,buy,83713585
'2025-05-21 19:36:20.033,0.8322,306,sell,83713589
'2025-05-21 19:36:20.035,0.8321,1952.226,sell,83713603
'2025-05-21 19:36:20.045,0.832,117.932,sell,83713607
'2025-05-21 19:36:21.145,0.8319,255.207,sell,83713610
'2025-05-21 19:36:22.364,0.8318,6.086,sell,83713612
'2025-05-21 19:36:22.364,0.8317,305.449,sell,83713614
'2025-05-21 19:36:22.371,0.8316,756.667,sell,83713619
'2025-05-21 19:36:22.377,0.8315,17.881,sell,83713621
'2025-05-21 19:36:22.413,0.8315,269.619,buy,83713622
'2025-05-21 19:36:22.415,0.8316,350.293,buy,83713623
'2025-05-21 19:36:22.425,0.8315,286.232,sell,83713624
'2025-05-21 19:36:22.537,0.8316,2.17,buy,83713625
'2025-05-21 19:36:25.432,0.8314,1.581,sell,83713626
'2025-05-21 19:36:25.432,0.8313,1210.144,sell,83713629
'2025-05-21 19:36:25.433,0.8312,864.498,sell,83713637
'2025-05-21 19:36:27.913,0.8311,83.238,buy,83713638
'2025-05-21 19:36:27.913,0.8312,1189.435,buy,83713640
'2025-05-21 19:36:28.226,0.8312,13.172,buy,83713641
'2025-05-21 19:36:28.734,0.8312,93.342,buy,83713642
'2025-05-21 19:36:28.770,0.8312,571.593,buy,83713644
'2025-05-21 19:36:28.863,0.8312,14.83,buy,83713645
'2025-05-21 19:36:29.241,0.8312,350.529,buy,83713648
'2025-05-21 19:36:29.241,0.8312,111.437,buy,83713649
'2025-05-21 19:36:29.244,0.8313,54.725,buy,83713650
'2025-05-21 19:36:30.678,0.8313,38.788,sell,83713651
'2025-05-21 19:36:31.200,0.8315,1.322,buy,83713652
'2025-05-21 19:36:31.340,0.8313,395.311,sell,83713654
'2025-05-21 19:36:31.340,0.8312,441.256,sell,83713660
'2025-05-21 19:36:31.340,0.8311,151.877,sell,83713662
'2025-05-21 19:36:31.791,0.8314,1.489,buy,83713663
'2025-05-21 19:36:33.674,0.8315,3.837,buy,83713665
'2025-05-21 19:36:34.411,0.8316,546.215,buy,83713670
'2025-05-21 19:36:34.413,0.8317,627.684,buy,83713672
'2025-05-21 19:36:34.465,0.8318,333.696,buy,83713676
'2025-05-21 19:36:36.469,0.8316,974.699,sell,83713677
'2025-05-21 19:36:36.681,0.8315,241.741,sell,83713680
'2025-05-21 19:36:36.741,0.8315,443.322,sell,83713682
'2025-05-21 19:36:36.745,0.8314,212.616,sell,83713683
'2025-05-21 19:36:36.761,0.8314,340.125,sell,83713684
'2025-05-21 19:36:36.764,0.8313,1336.447,sell,83713688
'2025-05-21 19:36:36.984,0.8314,1000,sell,83713693
'2025-05-21 19:36:39.306,0.8314,26.395,buy,83713694
'2025-05-21 19:36:39.690,0.8314,66.84,buy,83713695
'2025-05-21 19:36:39.728,0.8314,86.91,buy,83713696
'2025-05-21 19:36:39.860,0.8316,1.004,buy,83713697
'2025-05-21 19:36:39.860,0.8318,29.051,buy,83713700
'2025-05-21 19:36:40.464,0.8316,500,sell,83713702
'2025-05-21 19:36:41.660,0.8318,83.077,buy,83713703
'2025-05-21 19:36:41.660,0.8319,1.004,buy,83713704
'2025-05-21 19:36:41.660,0.832,302.086,buy,83713711
'2025-05-21 19:36:41.732,0.8318,184,sell,83713712
'2025-05-21 19:36:42.560,0.8318,35.486,sell,83713713
'2025-05-21 19:36:42.612,0.8318,67,sell,83713714
'2025-05-21 19:36:42.691,0.832,12.476,buy,83713715
'2025-05-21 19:36:44.394,0.832,15.308,buy,83713716
'2025-05-21 19:36:44.394,0.832,15.308,buy,83713717
'2025-05-21 19:36:44.394,0.832,15.308,buy,83713718
'2025-05-21 19:36:44.394,0.832,3.011,buy,83713719
'2025-05-21 19:36:47.009,0.8317,1,sell,83713720
'2025-05-21 19:36:47.608,0.832,2.292,buy,83713721
'2025-05-21 19:36:49.322,0.8317,314.537,sell,83713723
'2025-05-21 19:36:51.471,0.8316,1.07,sell,83713724
'2025-05-21 19:36:51.471,0.8316,22.527,sell,83713727
'2025-05-21 19:36:51.517,0.8316,150,sell,83713729
'2025-05-21 19:36:51.574,0.8317,88.213,buy,83713730
'2025-05-21 19:36:51.574,0.8319,96.674,buy,83713732
'2025-05-21 19:36:51.946,0.8318,147.915,buy,83713733
'2025-05-21 19:36:52.092,0.8317,28.054,sell,83713734
'2025-05-21 19:36:52.266,0.8318,94.62,buy,83713735
'2025-05-21 19:36:55.481,0.8318,12.912,sell,83713736
'2025-05-21 19:36:56.849,0.8318,35.487,sell,83713738
'2025-05-21 19:36:57.830,0.8318,460.493,sell,83713740
'2025-05-21 19:36:57.830,0.8317,754.507,sell,83713748
'2025-05-21 19:36:57.923,0.8317,89.453,sell,83713750
'2025-05-21 19:36:58.210,0.8319,64.817,buy,83713753
'2025-05-21 19:36:58.259,0.8317,369,sell,83713759
'2025-05-21 19:36:58.541,0.8319,310.944,buy,83713760
'2025-05-21 19:36:58.985,0.8319,140.882,sell,83713761
'2025-05-21 19:36:59.178,0.8317,25.924,sell,83713762
'2025-05-21 19:36:59.231,0.8319,43.678,buy,83713763
'2025-05-21 19:36:59.456,0.832,547.363,buy,83713767
'2025-05-21 19:36:59.456,0.8321,330.036,buy,83713770
'2025-05-21 19:36:59.456,0.8322,62.542,buy,83713771
'2025-05-21 19:37:00.659,0.8318,1.412,sell,83713772
'2025-05-21 19:37:00.993,0.832,17.753,buy,83713773
'2025-05-21 19:37:02.371,0.8319,120.206,sell,83713774
'2025-05-21 19:37:02.372,0.8318,355.912,sell,83713780
'2025-05-21 19:37:02.374,0.8317,2118.912,sell,83713794
'2025-05-21 19:37:02.374,0.8316,465.584,sell,83713802
'2025-05-21 19:37:02.418,0.8316,94.404,sell,83713803
'2025-05-21 19:37:02.418,0.8315,17.881,sell,83713805
'2025-05-21 19:37:03.071,0.8314,85.633,sell,83713808
'2025-05-21 19:37:03.409,0.8313,4.076,sell,83713810
'2025-05-21 19:37:03.412,0.8312,148.578,sell,83713817
'2025-05-21 19:37:03.456,0.831,941.438,sell,83713827
'2025-05-21 19:37:04.059,0.831,42.703,buy,83713828
'2025-05-21 19:37:04.595,0.831,795.669,buy,83713831
'2025-05-21 19:37:04.595,0.8311,525.403,buy,83713833
'2025-05-21 19:37:04.703,0.831,506.059,buy,83713835
'2025-05-21 19:37:04.703,0.8311,36.804,buy,83713836
'2025-05-21 19:37:05.832,0.831,80.589,buy,83713837
'2025-05-21 19:37:05.832,0.8311,1393.915,buy,83713839
'2025-05-21 19:37:05.833,0.8312,514.064,buy,83713841
'2025-05-21 19:37:06.075,0.831,84.467,sell,83713842
'2025-05-21 19:37:06.950,0.8311,82.482,buy,83713843
'2025-05-21 19:37:07.126,0.8313,3.301,buy,83713845
'2025-05-21 19:37:07.386,0.8314,423,buy,83713846
'2025-05-21 19:37:07.389,0.8315,289.361,buy,83713847
'2025-05-21 19:37:07.390,0.8315,892.992,buy,83713849
'2025-05-21 19:37:07.395,0.8315,828.827,buy,83713853
'2025-05-21 19:37:07.395,0.8316,783.847,buy,83713859
'2025-05-21 19:37:07.395,0.8317,1830.938,buy,83713861
'2025-05-21 19:37:07.397,0.8315,36.086,buy,83713862
'2025-05-21 19:37:07.397,0.8317,1189.674,buy,83713866
'2025-05-21 19:37:07.397,0.8318,2581.501,buy,83713869
'2025-05-21 19:37:07.400,0.8318,719.682,buy,83713872
'2025-05-21 19:37:07.405,0.8317,469.992,buy,83713873
'2025-05-21 19:37:07.406,0.8317,640.13,buy,83713874
'2025-05-21 19:37:07.406,0.8318,46.992,buy,83713875
'2025-05-21 19:37:07.406,0.8319,1111.126,buy,83713877
'2025-05-21 19:37:07.411,0.8317,225.836,buy,83713878
'2025-05-21 19:37:07.411,0.8318,247.395,buy,83713879
'2025-05-21 19:37:07.411,0.832,345.463,buy,83713880
'2025-05-21 19:37:08.495,0.8318,1460.415,sell,83713882
'2025-05-21 19:37:08.498,0.8317,480.954,sell,83713884
'2025-05-21 19:37:08.511,0.8317,172.184,sell,83713885
'2025-05-21 19:37:08.801,0.8317,340.125,sell,83713886
'2025-05-21 19:37:08.812,0.8316,1.004,sell,83713887
'2025-05-21 19:37:08.812,0.8315,98.996,sell,83713889
'2025-05-21 19:37:09.881,0.8315,1146.842,sell,83713891
'2025-05-21 19:37:09.943,0.8314,721.27,sell,83713892
'2025-05-21 19:37:10.491,0.8313,4.076,sell,83713894
'2025-05-21 19:37:10.491,0.8312,60.501,sell,83713898
'2025-05-21 19:37:11.145,0.8312,45.605,buy,83713899
'2025-05-21 19:37:11.558,0.8312,91.998,buy,83713900
'2025-05-21 19:37:12.779,0.8313,84.241,buy,83713901
'2025-05-21 19:37:12.779,0.8314,33.448,buy,83713902
'2025-05-21 19:37:15.249,0.8312,2223.258,sell,83713904
'2025-05-21 19:37:15.401,0.8312,990.541,sell,83713906
'2025-05-21 19:37:15.401,0.8311,282.85,sell,83713909
'2025-05-21 19:37:15.401,0.831,1611.074,sell,83713912
'2025-05-21 19:37:17.048,0.8313,424.004,buy,83713914
'2025-05-21 19:37:17.048,0.8314,241.401,buy,83713918
'2025-05-21 19:37:17.449,0.8312,212.565,sell,83713919
'2025-05-21 19:37:17.449,0.831,66.296,sell,83713922
'2025-05-21 19:37:21.309,0.8312,99.365,buy,83713924
'2025-05-21 19:37:21.374,0.8312,22.134,sell,83713925
'2025-05-21 19:37:23.665,0.8314,86.456,buy,83713926
'2025-05-21 19:37:24.074,0.8314,79,sell,83713927
'2025-05-21 19:37:24.795,0.8315,17.881,buy,83713929
'2025-05-21 19:37:24.795,0.8316,18.184,buy,83713932
'2025-05-21 19:37:26.957,0.8313,2133.126,sell,83713948
'2025-05-21 19:37:26.959,0.8312,3030.918,sell,83713951
'2025-05-21 19:37:28.091,0.8311,94.541,buy,83713952
'2025-05-21 19:37:28.122,0.8312,96.206,buy,83713953
'2025-05-21 19:37:28.687,0.8315,3.014,buy,83713954
'2025-05-21 19:37:28.687,0.8316,18.356,buy,83713957
'2025-05-21 19:37:28.687,0.8317,2.457,buy,83713958
'2025-05-21 19:37:30.056,0.8316,744.493,buy,83713961
'2025-05-21 19:37:30.056,0.8317,725.992,buy,83713964
'2025-05-21 19:37:30.056,0.8318,606.178,buy,83713969
'2025-05-21 19:37:31.710,0.8318,2.746,sell,83713970
'2025-05-21 19:37:34.321,0.8319,1.004,buy,83713971
'2025-05-21 19:37:34.445,0.8319,13.617,sell,83713973
'2025-05-21 19:37:38.901,0.832,259,buy,83713983
'2025-05-21 19:37:38.901,0.832,216,buy,83713984
'2025-05-21 19:37:38.955,0.832,700.421,buy,83713989
'2025-05-21 19:37:38.958,0.832,1167.368,buy,83713992
'2025-05-21 19:37:38.962,0.8321,12.446,buy,83713994
'2025-05-21 19:37:38.962,0.8322,63.534,buy,83713997
'2025-05-21 19:37:38.962,0.8323,140.02,buy,83713998
'2025-05-21 19:37:38.962,0.8323,259,buy,83713999
'2025-05-21 19:37:38.962,0.8323,216,buy,83714000
'2025-05-21 19:37:38.962,0.8323,216,buy,83714001
'2025-05-21 19:37:38.963,0.8323,259,buy,83714002
'2025-05-21 19:37:39.196,0.8323,71.06,buy,83714003
'2025-05-21 19:37:41.041,0.832,24.53,sell,83714004
'2025-05-21 19:37:41.181,0.8322,1.162,buy,83714005
'2025-05-21 19:37:41.181,0.8322,1.162,buy,83714006
'2025-05-21 19:37:41.181,0.8322,1.162,buy,83714007
'2025-05-21 19:37:41.181,0.8322,1.162,buy,83714008
'2025-05-21 19:37:41.181,0.8322,1.162,buy,83714009
'2025-05-21 19:37:41.181,0.8322,1.162,buy,83714010
'2025-05-21 19:37:41.181,0.8322,1.162,buy,83714011
'2025-05-21 19:37:41.181,0.8322,1.162,buy,83714012
'2025-05-21 19:37:41.181,0.8322,1.162,buy,83714013
'2025-05-21 19:37:41.181,0.8322,1.162,buy,83714014
'2025-05-21 19:37:41.181,0.8322,1.162,buy,83714015
'2025-05-21 19:37:41.181,0.8322,1.162,buy,83714016
'2025-05-21 19:37:41.181,0.8322,1.162,buy,83714017
'2025-05-21 19:37:41.181,0.8322,1.162,buy,83714018
'2025-05-21 19:37:41.181,0.8322,1.162,buy,83714019
'2025-05-21 19:37:41.181,0.8322,1.162,buy,83714020
'2025-05-21 19:37:41.181,0.8322,1.162,buy,83714021
'2025-05-21 19:37:41.181,0.8322,1.162,buy,83714022
'2025-05-21 19:37:41.181,0.8322,1.162,buy,83714023
'2025-05-21 19:37:41.181,0.8322,1.162,buy,83714024
'2025-05-21 19:37:41.181,0.8322,1.162,buy,83714025
'2025-05-21 19:37:41.181,0.8322,1.162,buy,83714026
'2025-05-21 19:37:41.181,0.8322,1.162,buy,83714027
'2025-05-21 19:37:41.181,0.8322,1.162,buy,83714028
'2025-05-21 19:37:41.181,0.8322,1.162,buy,83714029
'2025-05-21 19:37:41.181,0.8322,1.162,buy,83714030
'2025-05-21 19:37:41.181,0.8322,1.162,buy,83714031
'2025-05-21 19:37:41.181,0.8322,1.162,buy,83714032
'2025-05-21 19:37:41.181,0.8322,1.162,buy,83714033
'2025-05-21 19:37:41.181,0.8322,1.162,buy,83714034
'2025-05-21 19:37:41.181,0.8322,1.162,buy,83714035
'2025-05-21 19:37:41.181,0.8322,1.162,buy,83714036
'2025-05-21 19:37:41.181,0.8322,1.162,buy,83714037
'2025-05-21 19:37:41.269,0.8322,3.604,buy,83714038
'2025-05-21 19:37:43.013,0.832,239.013,sell,83714040
'2025-05-21 19:37:43.655,0.8321,556.289,buy,83714042
'2025-05-21 19:37:43.655,0.8322,1410.122,buy,83714044
'2025-05-21 19:37:43.655,0.8323,1892.869,buy,83714046
'2025-05-21 19:37:43.754,0.8321,106.17,sell,83714047
'2025-05-21 19:37:43.809,0.8323,71.76,buy,83714048
'2025-05-21 19:37:44.281,0.8323,7851.76,buy,83714050
'2025-05-21 19:37:44.283,0.8324,44.88,buy,83714054
'2025-05-21 19:37:44.283,0.8325,1204.147,buy,83714080
'2025-05-21 19:37:44.283,0.8326,1122.297,buy,83714092
'2025-05-21 19:37:44.286,0.8326,261.08,buy,83714093
'2025-05-21 19:37:44.301,0.8326,27.812,sell,83714094
'2025-05-21 19:37:44.345,0.8327,527.449,buy,83714113
'2025-05-21 19:37:45.195,0.8327,400.57,sell,83714114
'2025-05-21 19:37:45.273,0.8328,73,buy,83714122
'2025-05-21 19:37:45.273,0.8328,12,buy,83714123
'2025-05-21 19:37:45.281,0.8328,61,buy,83714127
'2025-05-21 19:37:45.281,0.8328,1.582,buy,83714128
'2025-05-21 19:37:45.281,0.8329,48.418,buy,83714135
'2025-05-21 19:37:45.288,0.8329,9.604,buy,83714138
'2025-05-21 19:37:45.494,0.8329,23,buy,83714142
'2025-05-21 19:37:45.515,0.8329,137.385,buy,83714157
'2025-05-21 19:37:45.528,0.833,6.002,buy,83714158
'2025-05-21 19:37:45.532,0.8329,4246.891,sell,83714171
'2025-05-21 19:37:47.211,0.8329,166.602,sell,83714172
'2025-05-21 19:37:47.221,0.8329,466.602,sell,83714174
'2025-05-21 19:37:47.374,0.8328,166.602,sell,83714175
'2025-05-21 19:37:47.374,0.8327,23.398,sell,83714176
'2025-05-21 19:37:47.443,0.8327,558.602,sell,83714192
'2025-05-21 19:37:47.443,0.8326,265.305,sell,83714193
'2025-05-21 19:37:49.139,0.8329,350.293,buy,83714194
'2025-05-21 19:37:49.149,0.833,4267.112,buy,83714241
'2025-05-21 19:37:49.152,0.8331,48.029,buy,83714251
'2025-05-21 19:37:49.154,0.8332,4720.998,buy,83714271
'2025-05-21 19:37:49.157,0.8333,902.992,buy,83714273
'2025-05-21 19:37:49.157,0.8333,1410.906,buy,83714379
'2025-05-21 19:37:49.160,0.8334,1190.846,buy,83714392
'2025-05-21 19:37:49.174,0.8335,216,buy,83714402
'2025-05-21 19:37:49.175,0.8335,126.971,buy,83714403
'2025-05-21 19:37:49.177,0.8335,216,buy,83714405
'2025-05-21 19:37:49.177,0.8335,172,buy,83714406
'2025-05-21 19:37:49.179,0.8335,45.921,buy,83714407
'2025-05-21 19:37:49.179,0.8336,213.079,buy,83714421
'2025-05-21 19:37:49.183,0.8336,175,buy,83714422
'2025-05-21 19:37:49.192,0.8335,10.989,sell,83714423
'2025-05-21 19:37:49.205,0.8337,554.861,buy,83714438
'2025-05-21 19:37:49.205,0.8338,45.339,buy,83714449
'2025-05-21 19:37:49.213,0.8338,2.925,buy,83714450
'2025-05-21 19:37:49.214,0.8338,11.612,buy,83714451
'2025-05-21 19:37:49.221,0.8339,4.196,buy,83714452
'2025-05-21 19:37:49.240,0.8338,229.77,sell,83714454
'2025-05-21 19:37:49.241,0.8338,753.862,sell,83714455
'2025-05-21 19:37:49.252,0.8338,462.515,sell,83714456
'2025-05-21 19:37:49.254,0.8338,983.632,sell,83714458
'2025-05-21 19:37:49.254,0.8339,2.398,buy,83714460
'2025-05-21 19:37:49.257,0.8337,30.206,sell,83714461
'2025-05-21 19:37:49.258,0.8337,445.86,sell,83714463
'2025-05-21 19:37:49.275,0.8337,599.377,sell,83714464
'2025-05-21 19:37:49.495,0.8335,128.506,sell,83714465
'2025-05-21 19:37:49.861,0.8336,175.372,sell,83714466
'2025-05-21 19:37:50.481,0.8338,1.085,sell,83714467
'2025-05-21 19:37:50.489,0.8338,3.148,sell,83714468
'2025-05-21 19:37:50.498,0.8338,5.883,sell,83714469
'2025-05-21 19:37:50.514,0.8338,2.516,sell,83714470
'2025-05-21 19:37:51.141,0.8339,220.105,buy,83714488
'2025-05-21 19:37:51.409,0.8339,146.239,buy,83714489
'2025-05-21 19:37:51.409,0.834,8.761,buy,83714491
'2025-05-21 19:37:51.409,0.834,183,buy,83714497
'2025-05-21 19:37:51.416,0.834,23,buy,83714498
'2025-05-21 19:37:51.422,0.834,5,buy,83714499
'2025-05-21 19:37:51.423,0.834,2,buy,83714500
'2025-05-21 19:37:51.423,0.834,14,buy,83714501
'2025-05-21 19:37:51.424,0.834,2,buy,83714502
'2025-05-21 19:37:51.424,0.834,11,buy,83714503
'2025-05-21 19:37:51.424,0.834,4,buy,83714504
'2025-05-21 19:37:51.513,0.8339,46.888,sell,83714505
'2025-05-21 19:37:51.536,0.834,73,buy,83714506
'2025-05-21 19:37:51.536,0.834,73,buy,83714507
'2025-05-21 19:37:51.536,0.834,73,buy,83714508
'2025-05-21 19:37:51.536,0.834,73,buy,83714509
'2025-05-21 19:37:51.536,0.834,215,buy,83714510
'2025-05-21 19:37:51.536,0.834,73,buy,83714511
'2025-05-21 19:37:51.536,0.834,150,buy,83714517
'2025-05-21 19:37:51.536,0.834,183,buy,83714518
'2025-05-21 19:37:52.134,0.8339,35,sell,83714519
'2025-05-21 19:37:52.593,0.8338,9842.113,sell,83714541
'2025-05-21 19:37:52.593,0.8337,4.018,sell,83714543
'2025-05-21 19:37:52.593,0.8336,3055.107,sell,83714546
'2025-05-21 19:37:52.593,0.8335,3714.651,sell,83714558
'2025-05-21 19:37:52.593,0.8334,1555.222,sell,83714561
'2025-05-21 19:37:52.627,0.8335,350.293,buy,83714562
'2025-05-21 19:37:52.633,0.8335,30,sell,83714563
'2025-05-21 19:37:52.887,0.8337,4.018,buy,83714565
'2025-05-21 19:37:52.887,0.8338,82.637,buy,83714566
'2025-05-21 19:37:52.887,0.8339,819.927,buy,83714570
'2025-05-21 19:37:52.887,0.834,1285.94,buy,83714618
'2025-05-21 19:37:52.986,0.8338,166.602,sell,83714619
'2025-05-21 19:37:53.562,0.8338,71.959,buy,83714620
'2025-05-21 19:37:54.504,0.8336,3.467,sell,83714621
'2025-05-21 19:37:56.381,0.8336,44.568,buy,83714622
'2025-05-21 19:37:56.387,0.8337,298.166,buy,83714623
'2025-05-21 19:37:56.520,0.8337,7.98,sell,83714624
'2025-05-21 19:37:56.553,0.8337,91.466,sell,83714625
'2025-05-21 19:37:58.677,0.8338,1.699,sell,83714626
'2025-05-21 19:38:00.218,0.8339,80.893,buy,83714627
'2025-05-21 19:38:00.218,0.834,978.964,buy,83714628
'2025-05-21 19:38:00.308,0.834,40,buy,83714629
'2025-05-21 19:38:00.308,0.834,40,buy,83714630
'2025-05-21 19:38:00.308,0.834,40,buy,83714631
'2025-05-21 19:38:00.308,0.834,40,buy,83714632
'2025-05-21 19:38:00.308,0.834,215,buy,83714633
'2025-05-21 19:38:00.308,0.834,40,buy,83714634
'2025-05-21 19:38:00.308,0.834,40,buy,83714635
'2025-05-21 19:38:00.309,0.834,40,buy,83714636
'2025-05-21 19:38:00.309,0.834,40,buy,83714637
'2025-05-21 19:38:00.445,0.8338,6622,sell,83714660
'2025-05-21 19:38:00.448,0.8336,1528.754,sell,83714665
'2025-05-21 19:38:00.513,0.8335,719.627,sell,83714666
'2025-05-21 19:38:00.593,0.8334,723.516,sell,83714669
'2025-05-21 19:38:00.933,0.8332,38.095,sell,83714673
'2025-05-21 19:38:01.081,0.8331,7.09,sell,83714676
'2025-05-21 19:38:01.081,0.833,942.257,sell,83714684
'2025-05-21 19:38:01.441,0.8328,14.975,sell,83714687
'2025-05-21 19:38:02.394,0.8328,16.096,sell,83714688
'2025-05-21 19:38:02.853,0.8328,5.971,sell,83714691
'2025-05-21 19:38:02.853,0.8327,36.316,sell,83714695
'2025-05-21 19:38:03.880,0.8328,92.269,buy,83714696
'2025-05-21 19:38:04.091,0.8328,388.656,buy,83714698
'2025-05-21 19:38:04.261,0.8328,85.342,buy,83714699
'2025-05-21 19:38:04.261,0.8329,300,buy,83714700
'2025-05-21 19:38:05.031,0.8331,7.09,buy,83714703
'2025-05-21 19:38:05.276,0.8332,6.521,buy,83714705
'2025-05-21 19:38:05.279,0.8332,6,buy,83714706
'2025-05-21 19:38:05.541,0.8331,2446.804,sell,83714717
'2025-05-21 19:38:06.136,0.8332,18.544,buy,83714718
'2025-05-21 19:38:06.136,0.8334,96.37,buy,83714721
'2025-05-21 19:38:06.136,0.8335,1282.192,buy,83714728
'2025-05-21 19:38:07.058,0.8335,2.742,buy,83714729
'2025-05-21 19:38:07.153,0.8334,1110.122,sell,83714730
'2025-05-21 19:38:07.244,0.8333,412.727,sell,83714732
'2025-05-21 19:38:07.365,0.8333,81.75,sell,83714733
'2025-05-21 19:38:08.800,0.8332,30,sell,83714734
'2025-05-21 19:38:08.812,0.8333,87.104,buy,83714735
'2025-05-21 19:38:08.812,0.8334,1295.046,buy,83714736
'2025-05-21 19:38:08.815,0.8334,1670.815,buy,83714737
'2025-05-21 19:38:08.816,0.8335,350.293,buy,83714738
'2025-05-21 19:38:08.823,0.8336,36.096,buy,83714742
'2025-05-21 19:38:08.823,0.8337,1060.203,buy,83714747
'2025-05-21 19:38:08.826,0.8338,43,buy,83714749
'2025-05-21 19:38:08.826,0.8338,43,buy,83714750
'2025-05-21 19:38:08.830,0.8338,43,buy,83714751
'2025-05-21 19:38:08.831,0.8337,43,buy,83714752
'2025-05-21 19:38:08.832,0.8337,135.454,buy,83714753
'2025-05-21 19:38:08.832,0.8338,123.546,buy,83714754
'2025-05-21 19:38:08.834,0.8338,43,buy,83714755
'2025-05-21 19:38:08.837,0.8338,215,buy,83714756
'2025-05-21 19:38:08.837,0.8338,0.772,buy,83714757
'2025-05-21 19:38:08.840,0.8339,43,buy,83714758
'2025-05-21 19:38:08.855,0.8339,19.146,buy,83714761
'2025-05-21 19:38:08.855,0.834,23.082,buy,83714762
'2025-05-21 19:38:08.871,0.8339,166.602,sell,83714763
'2025-05-21 19:38:08.874,0.8338,196.197,sell,83714771
'2025-05-21 19:38:08.874,0.8338,254.697,sell,83714775
'2025-05-21 19:38:09.416,0.8336,8.935,sell,83714776
'2025-05-21 19:38:09.452,0.8337,320.516,sell,83714778
'2025-05-21 19:38:09.894,0.8337,20.04,buy,83714779
'2025-05-21 19:38:10.260,0.8335,82.739,sell,83714780
'2025-05-21 19:38:13.075,0.8336,100,sell,83714781
'2025-05-21 19:38:13.465,0.8338,25.591,buy,83714782
'2025-05-21 19:38:14.438,0.8336,6.9,sell,83714783
'2025-05-21 19:38:15.043,0.8336,1103.222,sell,83714784
'2025-05-21 19:38:15.240,0.8335,401.962,sell,83714787
'2025-05-21 19:38:15.243,0.8334,877.548,sell,83714789
'2025-05-21 19:38:16.603,0.8334,1.004,sell,83714790
'2025-05-21 19:38:16.603,0.8333,833.977,sell,83714792
'2025-05-21 19:38:16.654,0.8332,38.095,sell,83714796
'2025-05-21 19:38:16.689,0.8331,185.368,sell,83714800
'2025-05-21 19:38:16.689,0.8331,542.06,sell,83714801
'2025-05-21 19:38:18.695,0.8331,372.448,buy,83714803
'2025-05-21 19:38:19.251,0.833,24.299,sell,83714805
'2025-05-21 19:38:19.251,0.8328,556.663,sell,83714813
'2025-05-21 19:38:20.619,0.8327,12.29,sell,83714815
'2025-05-21 19:38:21.838,0.8327,5145.141,sell,83714819
'2025-05-21 19:38:21.841,0.8326,1.581,sell,83714820
'2025-05-21 19:38,0.8325,26.494,sell,83714825
'2025-05-21 19:38,0.8324,334.88,sell,83714829
'2025-05-21 19:38,0.8323,1300.752,sell,83714832
'2025-05-21 19:38,0.8322,240.213,sell,83714837
'2025-05-21 19:38,0.8321,1730.49,sell,83714843
'2025-05-21 19:38,0.832,2504.161,sell,83714866
'2025-05-21 19:38,0.8319,1802.78,sell,83714873
'2025-05-21 19:38,0.8318,6108.883,sell,83714881
'2025-05-21 19:38,0.8317,3597.909,sell,83714890
'2025-05-21 19:38,0.8316,5195.653,sell,83714899
'2025-05-21 19:38,0.8315,3362.092,sell,83714908
'2025-05-21 19:38,0.8314,5802.694,sell,83714915
'2025-05-21 19:38,0.8313,4720.934,sell,83714927
'2025-05-21 19:38,0.8312,3540.92,sell,83714938
'2025-05-21 19:38,0.8311,3357.232,sell,83714946
'2025-05-21 19:38,0.831,7790.647,sell,83714957
'2025-05-21 19:38:23.003,0.8318,350.293,sell,83714958
'2025-05-21 19:38:23.008,0.8313,1.004,sell,83714959
'2025-05-21 19:38:23.011,0.8315,17.881,buy,83714961
'2025-05-21 19:38:23.013,0.8314,1715.019,buy,83714965
'2025-05-21 19:38:23.013,0.8316,32.069,buy,83714968
'2025-05-21 19:38:23.013,0.8317,966.211,buy,83714971
'2025-05-21 19:38:23.015,0.8317,636.089,buy,83714973
'2025-05-21 19:38:23.015,0.8318,3877.365,buy,83714977
'2025-05-21 19:38:23.015,0.8319,424.004,buy,83714979
'2025-05-21 19:38:23.017,0.832,5103.027,buy,83714993
'2025-05-21 19:38:23.017,0.8321,12.446,buy,83714995
'2025-05-21 19:38:23.020,0.8316,1.004,buy,83714996
'2025-05-21 19:38:23.021,0.8316,33.188,buy,83714997
'2025-05-21 19:38:23.031,0.8318,3.015,sell,83714999
'2025-05-21 19:38:23.031,0.8318,3.015,sell,83715000
'2025-05-21 19:38:23.051,0.8319,1.002,buy,83715001
'2025-05-21 19:38:23.065,0.8318,75.464,sell,83715002
'2025-05-21 19:38:23.065,0.8317,532.415,sell,83715009
'2025-05-21 19:38:23.083,0.8317,423,sell,83715010
'2025-05-21 19:38:23.083,0.8316,77,sell,83715013
'2025-05-21 19:38:23.098,0.832,174.967,buy,83715016
'2025-05-21 19:38:23.375,0.8321,85.665,buy,83715018
'2025-05-21 19:38:23.375,0.8322,4.076,buy,83715020
'2025-05-21 19:38:23.376,0.8323,1206.068,buy,83715021
'2025-05-21 19:38:23.430,0.8323,500,sell,83715023
'2025-05-21 19:38:23.464,0.8324,34.88,buy,83715026
'2025-05-21 19:38:23.464,0.8325,119.84,buy,83715031
'2025-05-21 19:38:23.501,0.8325,1110.122,sell,83715032
'2025-05-21 19:38:23.508,0.8322,1507.934,sell,83715038
'2025-05-21 19:38:23.521,0.8321,3.014,sell,83715039
'2025-05-21 19:38:23.669,0.832,45.932,sell,83715042
'2025-05-21 19:38:23.669,0.8319,1.004,sell,83715043
'2025-05-21 19:38:23.669,0.8318,196.124,sell,83715046
'2025-05-21 19:38:24.098,0.8321,621.138,buy,83715050
'2025-05-21 19:38:24.098,0.8322,661.92,buy,83715053
'2025-05-21 19:38:25.038,0.8321,651.282,sell,83715055
'2025-05-21 19:38:25.038,0.832,300,sell,83715056
'2025-05-21 19:38:25.038,0.8319,138.115,sell,83715057
'2025-05-21 19:38:25.154,0.832,8.085,sell,83715058
'2025-05-21 19:38:25.207,0.8322,151.556,buy,83715061
'2025-05-21 19:38:25.207,0.8323,665.63,buy,83715064
'2025-05-21 19:38:25.207,0.8324,558.346,buy,83715067
'2025-05-21 19:38:27.093,0.8321,385.956,buy,83715068
'2025-05-21 19:38:27.093,0.8322,258.06,buy,83715069
'2025-05-21 19:38:27.281,0.8324,100,buy,83715072
'2025-05-21 19:38:27.300,0.8324,6.998,sell,83715073
'2025-05-21 19:38:27.749,0.8324,386.113,sell,83715074
'2025-05-21 19:38:27.751,0.8323,3324.437,sell,83715076
'2025-05-21 19:38:28.178,0.8321,82.163,sell,83715077
'2025-05-21 19:38:28.178,0.832,31.065,sell,83715079
'2025-05-21 19:38:28.243,0.832,737.395,buy,83715081
'2025-05-21 19:38:28.243,0.8321,511.427,buy,83715083
'2025-05-21 19:38:28.251,0.8321,478.803,sell,83715084
'2025-05-21 19:38:28.251,0.8321,2054.417,sell,83715085
'2025-05-21 19:38:28.251,0.8321,1288.187,sell,83715086
'2025-05-21 19:38:29.181,0.8319,1.004,sell,83715087
'2025-05-21 19:38:29.643,0.8318,6.086,sell,83715089
'2025-05-21 19:38:30.931,0.8317,5.449,sell,83715090
'2025-05-21 19:38:30.931,0.8316,35.884,sell,83715094
'2025-05-21 19:38:30.931,0.8315,36.015,sell,83715097
'2025-05-21 19:38:31.074,0.8316,2.479,buy,83715098
'2025-05-21 19:38:32.570,0.8315,35.408,buy,83715099
'2025-05-21 19:38:33.909,0.8315,50,buy,83715100
'2025-05-21 19:38:34.676,0.8314,1.581,sell,83715101
'2025-05-21 19:38:34.676,0.8313,25.364,sell,83715104
'2025-05-21 19:38:35.790,0.8313,24.975,sell,83715105
'2025-05-21 19:38:39.452,0.8313,10,sell,83715106
'2025-05-21 19:38:41.189,0.8314,206.848,buy,83715109
'2025-05-21 19:38:41.189,0.8315,782.129,buy,83715111
'2025-05-21 19:38:41.191,0.8316,1169.282,buy,83715113
'2025-05-21 19:38:41.191,0.8317,452.381,buy,83715116
'2025-05-21 19:38:41.812,0.8318,104.209,buy,83715119
'2025-05-21 19:38:41.958,0.8318,169.825,sell,83715120
'2025-05-21 19:38:42.407,0.8316,49.96,sell,83715121
'2025-05-21 19:38:43.943,0.8318,1.845,buy,83715122
'2025-05-21 19:38:43.996,0.8318,87.825,buy,83715123
'2025-05-21 19:38:43.996,0.8319,38.379,buy,83715125
'2025-05-21 19:38:44.360,0.8318,48.015,buy,83715126
'2025-05-21 19:38:45.169,0.8317,20.043,sell,83715127
'2025-05-21 19:38:46.075,0.8316,1.004,sell,83715128
'2025-05-21 19:38:47.221,0.8316,189.868,buy,83715129
'2025-05-21 19:38:49.304,0.8316,1168.278,sell,83715130
'2025-05-21 19:38:49.841,0.8315,3.014,sell,83715131
'2025-05-24 12:17:22.255,0.771,44.378,sell,85059557
'2025-05-24 12:17:22.354,0.7712,104.651,buy,85059558
'2025-05-24 12:17:23.344,0.7713,71.997,buy,85059559
'2025-05-24 12:17:23.680,0.7712,1135.828,sell,85059561
'2025-05-24 12:17:23.680,0.7711,1045.192,sell,85059563
'2025-05-24 12:17:23.680,0.771,594.438,sell,85059566
'2025-05-24 12:17:24.246,0.771,300.996,sell,85059567
'2025-05-24 12:17:24.348,0.7713,46.604,buy,85059568
'2025-05-24 12:17:25.036,0.7713,1245.35,buy,85059571
'2025-05-24 12:17:25.038,0.7715,268.656,buy,85059573
'2025-05-24 12:17:25.112,0.7714,96.639,buy,85059574
'2025-05-24 12:17:25.124,0.7716,1492.158,buy,85059578
'2025-05-24 12:17:26.639,0.7718,84.46,sell,85059579
'2025-05-24 12:17:26.640,0.7716,1204.863,sell,85059581
'2025-05-24 12:17:26.640,0.7715,1345.557,sell,85059583
'2025-05-24 12:17:26.640,0.7715,335.905,sell,85059585
'2025-05-24 12:17:26.640,0.7714,1289.323,sell,85059588
'2025-05-24 12:17:26.641,0.7714,152.195,sell,85059589
'2025-05-24 12:17:26.641,0.7713,1441.518,sell,85059592
'2025-05-24 12:17:26.642,0.7712,1004.561,sell,85059596
'2025-05-24 12:17:26.642,0.7711,1297.922,sell,85059599
'2025-05-24 12:17:26.644,0.771,4967.918,sell,85059612
'2025-05-24 12:17:26.644,0.7709,1951.003,sell,85059618
'2025-05-24 12:17:26.644,0.7708,876.756,sell,85059632
'2025-05-24 12:17:26.647,0.7708,488.824,sell,85059633
'2025-05-24 12:17:26.647,0.7707,377.399,sell,85059645
'2025-05-24 12:17:26.647,0.7706,5006.581,sell,85059663
'2025-05-24 12:17:26.648,0.7705,322.7,sell,85059681
'2025-05-24 12:17:26.648,0.7704,3394.166,sell,85059699
'2025-05-24 12:17:26.649,0.7704,1857.453,sell,85059700
'2025-05-24 12:17:26.651,0.7704,880.879,sell,85059703
'2025-05-24 12:17:26.651,0.7703,258.403,sell,85059710
'2025-05-24 12:17:26.651,0.7702,2860.718,sell,85059732
'2025-05-24 12:17:26.652,0.7704,355.737,sell,85059733
'2025-05-24 12:17:26.652,0.7706,2.322,buy,85059734
'2025-05-24 12:17:26.653,0.7706,267.643,buy,85059735
'2025-05-24 12:17:26.654,0.7705,103.989,buy,85059736
'2025-05-24 12:17:26.657,0.7704,1239.283,sell,85059739
'2025-05-24 12:17:26.662,0.7705,163.654,buy,85059740
'2025-05-24 12:17:26.662,0.7706,1591.315,buy,85059744
'2025-05-24 12:17:26.666,0.7704,55,sell,85059745
'2025-05-24 12:17:26.667,0.7704,452.34,sell,85059747
'2025-05-24 12:17:26.672,0.7705,103.989,buy,85059748
'2025-05-24 12:17:26.672,0.7707,400,buy,85059749
'2025-05-24 12:17:26.672,0.7705,275.818,sell,85059751
'2025-05-24 12:17:26.676,0.7708,3.918,buy,85059752
'2025-05-24 12:17:26.676,0.7709,2.571,buy,85059753
'2025-05-24 12:17:26.677,0.7705,275.818,sell,85059755
'2025-05-24 12:17:26.679,0.7705,275.818,sell,85059757
'2025-05-24 12:17:26.682,0.7706,342.343,sell,85059758
'2025-05-24 12:17:26.683,0.7709,509.587,buy,85059759
'2025-05-24 12:17:26.684,0.7706,136.997,sell,85059760
'2025-05-24 12:17:26.684,0.7705,205.346,sell,85059761
'2025-05-24 12:17:26.685,0.7708,509.587,buy,85059762
'2025-05-24 12:17:26.687,0.7706,500.325,sell,85059763
'2025-05-24 12:17:26.690,0.7709,509.587,buy,85059764
'2025-05-24 12:17:26.690,0.771,81.695,buy,85059766
'2025-05-24 12:17:26.692,0.7709,206.042,sell,85059767
'2025-05-24 12:17:26.706,0.7708,1491.9,buy,85059768
'2025-05-24 12:17:26.748,0.7707,500,sell,85059769
'2025-05-24 12:17:26.753,0.7707,15.705,sell,85059770
'2025-05-24 12:17:26.753,0.7707,15.705,sell,85059771
'2025-05-24 12:17:26.755,0.7707,832.704,buy,85059774
'2025-05-24 12:17:26.755,0.7708,659.196,buy,85059775
'2025-05-24 12:17:26.782,0.7705,5.716,buy,85059776
'2025-05-24 12:17:26.783,0.7704,5.808,sell,85059778
'2025-05-24 12:17:26.783,0.7702,153.913,sell,85059780
'2025-05-24 12:17:26.783,0.7701,349.866,sell,85059788
'2025-05-24 12:17:26.792,0.7701,57.784,sell,85059789
'2025-05-24 12:17:26.792,0.7701,337.494,sell,85059793
'2025-05-24 12:17:26.792,0.7701,279.71,sell,85059796
'2025-05-24 12:17:26.792,0.77,1468.655,sell,85059826
'2025-05-24 12:17:26.795,0.77,1242.789,sell,85059830
'2025-05-24 12:17:26.796,0.7701,230.619,buy,85059831
'2025-05-24 12:17:26.796,0.77,94.924,sell,85059832
'2025-05-24 12:17:26.796,0.77,500,sell,85059856
'2025-05-24 12:17:26.796,0.7701,2125.268,buy,85059858
'2025-05-24 12:17:26.797,0.77,1900,sell,85059871
'2025-05-24 12:17:26.799,0.7701,1377.21,buy,85059872
'2025-05-24 12:17:26.799,0.7702,114.69,buy,85059873
'2025-05-24 12:17:26.802,0.77,2618.289,sell,85059874
'2025-05-24 12:17:26.807,0.7702,1377.21,buy,85059875
'2025-05-24 12:17:26.812,0.7702,1491.9,buy,85059876
'2025-05-24 12:17:26.818,0.7703,712.974,buy,85059878
'2025-05-24 12:17:26.830,0.7702,483.795,sell,85059879
'2025-05-24 12:17:26.839,0.7701,141.533,sell,85059880
'2025-05-24 12:17:26.844,0.7703,6.492,buy,85059881
'2025-05-24 12:17:26.859,0.7703,613.238,buy,85059883
'2025-05-24 12:17:26.902,0.7703,95.301,sell,85059884
'2025-05-24 12:17:26.954,0.7701,6.492,buy,85059885
'2025-05-24 12:17:26.957,0.7701,921.354,buy,85059886
'2025-05-24 12:17:27.061,0.7702,333,buy,85059887
'2025-05-24 12:17:27.063,0.7703,1109.65,buy,85059890
'2025-05-24 12:17:27.072,0.7704,2262.429,buy,85059894
'2025-05-24 12:17:27.294,0.7704,52.846,buy,85059895
'2025-05-24 12:17:27.295,0.7704,367.187,buy,85059897
'2025-05-24 12:17:27.427,0.7702,270.336,sell,85059898
'2025-05-24 12:17:27.432,0.7701,81.783,sell,85059899
'2025-05-24 12:17:27.432,0.77,1247.87,sell,85059900
'2025-05-24 12:17:27.444,0.7701,6.492,buy,85059901
'2025-05-24 12:17:27.446,0.7701,2384.284,buy,85059903
'2025-05-24 12:17:28.312,0.7703,1572.768,buy,85059905
'2025-05-24 12:17:28.312,0.7704,1213.344,buy,85059908
'2025-05-24 12:17:28.312,0.7705,5035.173,buy,85059911
'2025-05-24 12:17:28.312,0.7706,752.39,buy,85059913
'2025-05-24 12:17:28.312,0.7706,260.222,buy,85059915
'2025-05-24 12:17:28.313,0.7707,13427.527,buy,85059919
'2025-05-24 12:17:28.313,0.7707,1641.528,buy,85059921
'2025-05-24 12:17:28.314,0.7707,83.461,buy,85059922
'2025-05-24 12:17:28.314,0.7708,1503.463,buy,85059926
'2025-05-24 12:17:28.316,0.7709,1272.722,buy,85059929
'2025-05-24 12:17:28.322,0.771,4777.75,buy,85059934
'2025-05-24 12:17:28.325,0.7711,16.4,buy,85059935
'2025-05-24 12:17:28.325,0.7712,35.05,buy,85059941
'2025-05-24 12:17:28.325,0.7713,589.989,buy,85059944
'2025-05-24 12:17:28.327,0.7711,16.401,buy,85059945
'2025-05-24 12:17:28.332,0.7711,16.401,buy,85059946
'2025-05-24 12:17:28.354,0.7711,975.45,buy,85059949
'2025-05-24 12:17:28.362,0.7713,898.876,sell,85059950
'2025-05-24 12:17:28.369,0.7711,1257.53,sell,85059953
'2025-05-24 12:17:28.369,0.7709,929.228,sell,85059954
'2025-05-24 12:17:28.369,0.7708,902.794,sell,85059956
'2025-05-24 12:17:28.382,0.7709,52.838,sell,85059957
'2025-05-24 12:17:28.382,0.7709,846.038,sell,85059958
'2025-05-24 12:17:28.397,0.7706,57.661,sell,85059961
'2025-05-24 12:17:28.399,0.7706,167.487,sell,85059962
'2025-05-24 12:17:28.402,0.7705,1.038,sell,85059963
'2025-05-24 12:17:28.407,0.7704,10.538,sell,85059967
'2025-05-24 12:17:28.407,0.7703,267.643,sell,85059968
'2025-05-24 12:17:28.407,0.7702,348.286,sell,85059970
'2025-05-24 12:17:28.412,0.7702,335.757,sell,85059972
'2025-05-24 12:17:28.414,0.7701,326.499,sell,85059973
'2025-05-24 12:17:28.414,0.7701,119.465,sell,85059976
'2025-05-24 12:17:28.415,0.7702,248.483,sell,85059977
'2025-05-24 12:17:28.418,0.77,3632.37,sell,85059978
'2025-05-24 12:17:28.418,0.77,333,sell,85059979
'2025-05-24 12:17:28.418,0.77,169.257,sell,85059980
'2025-05-24 12:17:28.418,0.77,335.757,sell,85059981
'2025-05-24 12:17:28.418,0.77,87.274,sell,85059982
'2025-05-24 12:17:28.419,0.7701,40.515,sell,85059983
'2025-05-24 12:17:28.419,0.77,458.985,sell,85059984
'2025-05-24 12:17:28.419,0.77,2772.144,sell,85059985
'2025-05-24 12:17:28.420,0.7701,509.587,sell,85059986
'2025-05-24 12:17:28.420,0.77,489.413,sell,85059987
'2025-05-24 12:17:28.420,0.77,499.5,sell,85059988
'2025-05-24 12:17:28.422,0.7702,576.579,buy,85059989
'2025-05-24 12:17:28.422,0.7703,352.649,buy,85059990
'2025-05-24 12:17:28.432,0.7702,499.5,sell,85059991
'2025-05-24 12:17:28.432,0.7702,139.38,sell,85059992
'2025-05-24 12:17:28.438,0.7702,333,buy,85059993
'2025-05-24 12:17:28.439,0.7702,1158.9,buy,85059994
'2025-05-24 12:17:28.439,0.7703,333,buy,85059995
'2025-05-24 12:17:28.439,0.7704,149.85,buy,85059996
'2025-05-24 12:17:28.440,0.7704,463.154,buy,85059997
'2025-05-24 12:17:28.440,0.7702,643.032,sell,85059999
'2025-05-24 12:17:28.441,0.7704,1491.9,buy,85060000
'2025-05-24 12:17:28.442,0.7702,543.267,sell,85060002
'2025-05-24 12:17:28.452,0.7702,69.737,sell,85060003
'2025-05-24 12:17:28.455,0.7704,1752.918,buy,85060005
'2025-05-24 12:17:28.459,0.7703,543.267,sell,85060006
'2025-05-24 12:17:28.462,0.7703,299.721,sell,85060007
'2025-05-24 12:17:28.499,0.7701,321.516,sell,85060008
'2025-05-24 12:17:28.501,0.7701,160.758,sell,85060009
'2025-05-24 12:17:28.502,0.7701,160.758,sell,85060010
'2025-05-24 12:17:28.503,0.7702,1117.273,buy,85060011
'2025-05-24 12:17:28.504,0.7702,374.627,buy,85060012
'2025-05-24 12:17:28.504,0.7701,33.375,sell,85060013
'2025-05-24 12:17:28.512,0.7702,333,buy,85060014
'2025-05-24 12:17:28.512,0.7701,618.925,sell,85060016
'2025-05-24 12:17:28.532,0.7701,371.354,sell,85060017
'2025-05-24 12:17:28.552,0.7701,521.672,sell,85060019
'2025-05-24 12:17:28.697,0.7702,1491.9,buy,85060020
'2025-05-24 12:17:28.697,0.7703,1065.854,buy,85060023
'2025-05-24 12:17:28.699,0.7704,1491.9,buy,85060024
'2025-05-24 12:17:28.852,0.7703,306.247,buy,85060025
'2025-05-24 12:17:29.354,0.7702,87.793,buy,85060026
'2025-05-24 12:17:29.354,0.7703,26.753,buy,85060027
'2025-05-24 12:17:30.290,0.77,423.985,sell,85060028
'2025-05-24 12:17:30.290,0.77,647.082,sell,85060029
'2025-05-24 12:17:30.290,0.77,11532.406,sell,85060075
'2025-05-24 12:17:30.290,0.77,20342.913,sell,85060160
'2025-05-24 12:17:30.290,0.77,6000,sell,85060173
'2025-05-24 12:17:30.290,0.77,4469.73,sell,85060192
'2025-05-24 12:17:30.295,0.7699,547.763,sell,85060227
'2025-05-24 12:17:30.295,0.7698,790.731,sell,85060234
'2025-05-24 12:17:30.295,0.7697,1142.411,sell,85060243
'2025-05-24 12:17:30.295,0.7696,2803.735,sell,85060262
'2025-05-24 12:17:30.303,0.7696,67.347,buy,85060263
'2025-05-24 12:17:30.304,0.7696,67.347,buy,85060264
'2025-05-24 12:17:30.313,0.7697,6.496,buy,85060265
'2025-05-24 12:17:30.318,0.7697,58.159,buy,85060266
'2025-05-24 12:17:30.320,0.7697,500,buy,85060267
'2025-05-24 12:17:30.322,0.7697,334.221,buy,85060268
'2025-05-24 12:17:30.336,0.7698,898.876,buy,85060269
'2025-05-24 12:17:30.340,0.7697,134.694,sell,85060270
'2025-05-24 12:17:30.353,0.7698,146.792,buy,85060271
'2025-05-24 12:17:30.359,0.7695,2615.278,sell,85060281
'2025-05-24 12:17:30.362,0.7696,2.484,buy,85060282
'2025-05-24 12:17:30.364,0.7696,2.484,buy,85060283
'2025-05-24 12:17:30.365,0.7696,3205.305,buy,85060284
'2025-05-24 12:17:30.376,0.7695,677.64,sell,85060285
'2025-05-24 12:17:30.376,0.7697,6.496,buy,85060286
'2025-05-24 12:17:30.693,0.7696,267.643,buy,85060287
'2025-05-24 12:17:30.742,0.7697,84.868,buy,85060288
'2025-05-24 12:17:31.189,0.7698,86.384,buy,85060289
'2025-05-24 12:17:31.239,0.7698,90.775,buy,85060290
'2025-05-24 12:17:31.531,0.77,1.295,buy,85060291
'2025-05-24 12:17:31.653,0.7698,416.52,sell,85060293
'2025-05-24 12:17:31.656,0.7697,695.366,sell,85060294
'2025-05-24 12:17:31.675,0.7697,1850.026,buy,85060296
'2025-05-24 12:17:31.815,0.7697,10.935,buy,85060297
'2025-05-24 12:17:31.977,0.7697,72.888,buy,85060298
'2025-05-24 12:17:31.977,0.7698,193.291,buy,85060299
'2025-05-24 12:17:31.977,0.7699,1178.325,buy,85060301
'2025-05-24 12:17:32.368,0.7698,82.518,buy,85060302
'2025-05-24 12:17:32.867,0.77,2.623,buy,85060303
'2025-05-24 12:17:33.354,0.7702,16.4,buy,85060304
'2025-05-24 12:17:33.354,0.7703,70.876,buy,85060305
'2025-05-24 12:17:33.952,0.7701,305.577,sell,85060306
'2025-05-24 12:17:34.372,0.7703,779.413,buy,85060307
'2025-05-24 12:17:34.374,0.7704,872.64,buy,85060313
'2025-05-24 12:17:35.753,0.7702,76.907,sell,85060314
'2025-05-24 12:17:35.764,0.7701,1125.966,sell,85060315
'2025-05-24 12:17:35.806,0.7702,1197.76,buy,85060317
'2025-05-24 12:17:36.574,0.7701,733,sell,85060319
'2025-05-24 12:17:36.574,0.77,558.099,sell,85060322
'2025-05-24 12:17:36.574,0.77,178.819,sell,85060323
'2025-05-24 12:17:36.574,0.7699,1111.686,sell,85060325
'2025-05-24 12:17:36.583,0.7698,421.722,sell,85060328
'2025-05-24 12:17:36.586,0.7698,866.697,buy,85060330
'2025-05-24 12:17:36.586,0.7699,1510.543,buy,85060334
'2025-05-24 12:17:36.588,0.7699,139.38,buy,85060335
'2025-05-24 12:17:36.588,0.7699,251.869,buy,85060336
'2025-05-24 12:17:36.627,0.77,1189.583,sell,85060338
'2025-05-24 12:17:37.040,0.7701,65.974,buy,85060339
'2025-05-24 12:17:37.418,0.7701,95.287,buy,85060340
'2025-05-24 12:17:37.420,0.7703,263.111,buy,85060341
'2025-05-24 12:17:37.444,0.7703,653.693,sell,85060343
'2025-05-24 12:17:37.444,0.7702,1341.434,sell,85060345
'2025-05-24 12:17:37.444,0.7701,156.719,sell,85060346
'2025-05-24 12:17:38.126,0.7701,1061.073,sell,85060349
'2025-05-24 12:17:38.126,0.77,1274.434,sell,85060351
'2025-05-24 12:17:38.132,0.77,915.92,buy,85060352
'2025-05-24 12:17:38.134,0.77,1746.131,buy,85060353
'2025-05-24 12:17:38.134,0.77,2.442,buy,85060354
'2025-05-24 12:17:38.493,0.77,1119.986,sell,85060357
'2025-05-24 12:17:38.493,0.7699,2444.611,sell,85060360
'2025-05-24 12:17:38.493,0.7698,4494.169,sell,85060363
'2025-05-24 12:17:38.493,0.7697,3020.458,sell,85060368
'2025-05-24 12:17:38.493,0.7696,1530.625,sell,85060373
'2025-05-24 12:17:39.189,0.7699,887.466,buy,85060375
'2025-05-24 12:17:39.191,0.77,711.669,buy,85060377
'2025-05-24 12:17:39.192,0.77,2500,buy,85060378
'2025-05-24 12:17:39.193,0.77,89.637,buy,85060379
'2025-05-24 12:17:39.194,0.7701,2271.376,buy,85060381
'2025-05-24 12:17:39.196,0.7702,16.4,buy,85060382
'2025-05-24 12:17:39.202,0.7703,500,buy,85060385
'2025-05-24 12:17:39.259,0.7704,343.538,buy,85060390
'2025-05-24 12:17:39.319,0.7704,613.004,sell,85060391
'2025-05-24 12:17:39.402,0.7704,733,buy,85060393
'2025-05-24 12:17:39.402,0.7705,949.623,buy,85060397
'2025-05-24 12:17:39.402,0.7706,1257.4,buy,85060402
'2025-05-24 12:17:39.422,0.7704,163.271,sell,85060403
'2025-05-24 12:17:39.718,0.7703,3210.273,sell,85060404
'2025-05-24 12:17:39.718,0.7702,265.343,sell,85060407
'2025-05-24 12:17:39.721,0.7701,3210.273,sell,85060408
'2025-05-24 12:17:39.724,0.77,209.283,sell,85060410
'2025-05-24 12:17:39.741,0.7699,3.383,sell,85060411
'2025-05-24 12:17:39.742,0.7698,77.283,sell,85060413
'2025-05-24 12:17:39.775,0.7698,1189.583,buy,85060415
'2025-05-24 12:17:39.794,0.7697,354.231,sell,85060419
'2025-05-24 12:17:39.858,0.7697,613.004,sell,85060420
'2025-05-24 12:17:40.218,0.7697,57.165,buy,85060421
'2025-05-24 12:17:40.330,0.7696,9.652,sell,85060425
'2025-05-24 12:17:40.330,0.7695,8504.277,sell,85060426
'2025-05-24 12:17:40.330,0.7695,6500,sell,85060427
'2025-05-24 12:17:40.332,0.7695,1289.17,sell,85060428
'2025-05-24 12:17:40.332,0.7695,9904.15,sell,85060429
'2025-05-24 12:17:40.332,0.7695,3584.889,sell,85060430
'2025-05-24 12:17:40.332,0.7695,1590.123,sell,85060431
'2025-05-24 12:17:40.332,0.7695,8528.745,sell,85060434
'2025-05-24 12:17:40.333,0.7694,18791.15,sell,85060444
'2025-05-24 12:17:40.335,0.7693,108.307,sell,85060460
'2025-05-24 12:17:40.336,0.7692,237.547,sell,85060491
'2025-05-24 12:17:40.342,0.7693,1.899,buy,85060492
'2025-05-24 12:17:40.344,0.7693,1.899,buy,85060493
'2025-05-24 12:17:40.354,0.7692,3.434,buy,85060494
'2025-05-24 12:17:40.366,0.7693,6.5,buy,85060495
'2025-05-24 12:17:40.382,0.7693,805.734,buy,85060497
'2025-05-24 12:17:40.387,0.7694,1343.881,buy,85060499
'2025-05-24 12:17:40.388,0.7695,611.67,buy,85060500
'2025-05-24 12:17:40.388,0.7695,880.23,buy,85060501
'2025-05-24 12:17:40.394,0.7696,427.2,buy,85060504
'2025-05-24 12:17:40.396,0.7697,915.276,buy,85060506
'2025-05-24 12:17:40.402,0.7698,334.89,buy,85060508
'2025-05-24 12:17:40.402,0.7699,3.383,buy,85060509
'2025-05-24 12:17:40.403,0.77,336.918,buy,85060511
'2025-05-24 12:17:40.403,0.7701,1812.493,buy,85060513
'2025-05-24 12:17:40.404,0.7701,1833.651,buy,85060516
'2025-05-24 12:17:40.404,0.7702,3236.093,buy,85060521
'2025-05-24 12:17:40.410,0.7701,97.445,buy,85060522
'2025-05-24 12:17:40.410,0.7702,333,buy,85060523
'2025-05-24 12:17:40.423,0.7701,333,buy,85060524
'2025-05-24 12:17:40.423,0.7702,581.911,buy,85060525
'2025-05-24 12:17:40.425,0.7702,42.958,buy,85060526
'2025-05-24 12:17:40.425,0.7703,566.569,buy,85060527
'2025-05-24 12:17:40.432,0.7702,576.579,sell,85060528
'2025-05-24 12:17:40.432,0.7701,613.004,sell,85060529
'2025-05-24 12:17:40.481,0.7701,58.15,sell,85060530
'2025-05-24 12:17:40.562,0.7699,3210.273,sell,85060531
'2025-05-24 12:17:40.582,0.7697,276.587,sell,85060533
'2025-05-24 12:17:40.622,0.7696,3.918,sell,85060534
'2025-05-24 12:17:40.652,0.7695,82.756,buy,85060535
'2025-05-24 12:17:40.712,0.7698,55.982,buy,85060536
'2025-05-24 12:17:41.532,0.7698,922.094,buy,85060537
'2025-05-24 12:17:41.533,0.7699,309.4,buy,85060538
'2025-05-24 12:17:41.542,0.7699,95.453,buy,85060539
'2025-05-24 12:17:41.774,0.77,3.918,buy,85060540
'2025-05-24 12:17:41.993,0.7701,425.591,buy,85060541
'2025-05-24 12:17:41.993,0.7702,349.4,buy,85060543
'2025-05-24 12:17:41.993,0.7703,523.36,buy,85060545
'2025-05-24 12:17:42.060,0.7702,96.287,buy,85060546
'2025-05-24 12:17:42.060,0.7703,33.545,buy,85060547
'2025-05-24 12:17:42.319,0.7701,1167.965,sell,85060549
'2025-05-24 12:17:42.324,0.77,1059.475,sell,85060551
'2025-05-24 12:17:42.326,0.7699,2021.994,sell,85060554
'2025-05-24 12:17:42.328,0.7698,2434.103,sell,85060556
'2025-05-24 12:17:42.425,0.7698,569.548,buy,85060557
'2025-05-24 12:17:43.099,0.7697,75.883,sell,85060558
'2025-05-24 12:17:43.192,0.7698,1843.996,buy,85060561
'2025-05-24 12:17:43.197,0.7699,80.564,buy,85060562
'2025-05-24 12:17:43.197,0.77,1425.856,buy,85060565
'2025-05-24 12:17:43.202,0.77,417.654,buy,85060566
'2025-05-24 12:17:43.342,0.77,1189.583,sell,85060568
'2025-05-24 12:17:44.209,0.7698,259.59,buy,85060569
'2025-05-24 12:17:44.903,0.7697,16.4,sell,85060570
'2025-05-24 12:17:44.903,0.7696,842.767,sell,85060573
'2025-05-24 12:17:44.903,0.7695,2494.057,sell,85060576
'2025-05-24 12:17:44.903,0.7694,1893.399,sell,85060581
'2025-05-24 12:17:44.903,0.7693,2603.458,sell,85060586
'2025-05-24 12:17:44.926,0.7694,1583.362,sell,85060588
'2025-05-24 12:17:45.026,0.7696,929.993,buy,85060590
'2025-05-24 12:17:45.050,0.7697,16.4,buy,85060591
'2025-05-24 12:17:45.050,0.7698,634.933,buy,85060594
'2025-05-24 12:17:47.176,0.7698,4301.32,buy,85060596
'2025-05-24 12:17:47.212,0.7699,98.59,buy,85060598
'2025-05-24 12:17:50.399,0.77,4084.364,buy,85060603
'2025-05-24 12:17:50.876,0.77,2134.576,sell,85060606
'2025-05-24 12:17:50.964,0.77,80.809,sell,85060607
'2025-05-24 12:17:50.964,0.7699,66.228,sell,85060608
'2025-05-24 12:17:50.968,0.7698,123.849,sell,85060609
'2025-05-24 12:17:51.348,0.7697,500,sell,85060610
'2025-05-24 12:17:52.180,0.7697,855.68,buy,85060612
'2025-05-24 12:17:52.192,0.7698,411.036,buy,85060613
'2025-05-24 12:17:52.199,0.7699,867.742,buy,85060616
'2025-05-24 12:17:52.212,0.7699,182.375,buy,85060617
'2025-05-24 12:17:52.572,0.7699,52.024,sell,85060618
'2025-05-24 12:17:52.588,0.7699,24,sell,85060619
'2025-05-24 12:17:52.797,0.7699,1113.559,sell,85060621
'2025-05-24 12:17:52.797,0.7698,555.479,sell,85060623
'2025-05-24 12:17:52.797,0.7697,918.627,sell,85060625
'2025-05-24 12:17:53.286,0.7697,58.817,sell,85060626
'2025-05-24 12:17:53.923,0.7697,509.405,sell,85060628
'2025-05-24 12:17:54.805,0.7697,1.016,sell,85060629
'2025-05-24 12:17:54.805,0.7697,20.056,sell,85060630
'2025-05-24 12:17:55.064,0.7698,733,sell,85060632
'2025-05-24 12:17:55.064,0.7697,1267,sell,85060637
'2025-05-24 12:17:55.165,0.77,300.171,buy,85060639
'2025-05-24 12:17:55.958,0.7699,300,sell,85060640
'2025-05-24 12:17:56.535,0.7699,60.667,sell,85060641
'2025-05-24 12:17:56.692,0.7699,1131.233,sell,85060642
'2025-05-24 12:17:56.692,0.7698,790.845,sell,85060645
'2025-05-24 12:17:57.110,0.7699,200,sell,85060646
'2025-05-24 12:17:58.295,0.7701,1.073,buy,85060647
'2025-05-24 12:17:58.681,0.7701,2.58,buy,85060648
'2025-05-24 12:17:58.681,0.7701,2.58,buy,85060650
'2025-05-24 12:17:58.681,0.7701,2.58,buy,85060651
'2025-05-24 12:17:58.681,0.7701,2.58,buy,85060652
'2025-05-24 12:17:58.681,0.7701,2.58,buy,85060653
'2025-05-24 12:17:58.681,0.7701,2.58,buy,85060654
'2025-05-24 12:17:58.681,0.7701,2.58,buy,85060655
'2025-05-24 12:17:58.681,0.7701,2.58,buy,85060656
'2025-05-24 12:17:58.681,0.7701,2.58,buy,85060657
'2025-05-24 12:17:58.681,0.7701,2.58,buy,85060658
'2025-05-24 12:17:58.681,0.7701,2.58,buy,85060659
'2025-05-24 12:17:58.681,0.7701,2.58,buy,85060660
'2025-05-24 12:17:58.681,0.7701,2.58,buy,85060661
'2025-05-24 12:17:58.681,0.7701,2.58,buy,85060662
'2025-05-24 12:17:58.681,0.7701,2.58,buy,85060663
'2025-05-24 12:17:58.681,0.7701,2.58,buy,85060664
'2025-05-24 12:17:58.681,0.7701,2.58,buy,85060665
'2025-05-24 12:17:58.681,0.7701,2.58,buy,85060666
'2025-05-24 12:17:58.681,0.7701,2.58,buy,85060667
'2025-05-24 12:17:58.681,0.7701,2.58,buy,85060668
'2025-05-24 12:17:58.681,0.7701,2.58,buy,85060669
'2025-05-24 12:17:58.681,0.7701,2.58,buy,85060670
'2025-05-24 12:17:58.681,0.7701,2.58,buy,85060671
'2025-05-24 12:17:58.681,0.7701,2.58,buy,85060672
'2025-05-24 12:17:58.681,0.7701,2.58,buy,85060673
'2025-05-24 12:17:58.681,0.7701,2.58,buy,85060674
'2025-05-24 12:17:58.681,0.7701,2.58,buy,85060675
'2025-05-24 12:17:58.681,0.7701,2.58,buy,85060676
'2025-05-24 12:17:58.681,0.7701,2.58,buy,85060677
'2025-05-24 12:17:58.681,0.7701,2.58,buy,85060678
'2025-05-24 12:17:58.681,0.7701,2.58,buy,85060679
'2025-05-24 12:17:58.681,0.7701,2.58,buy,85060680
'2025-05-24 12:17:58.681,0.7701,2.58,buy,85060681
'2025-05-24 12:17:58.681,0.7701,2.58,buy,85060682
'2025-05-24 12:17:58.681,0.7701,2.58,buy,85060683
'2025-05-24 12:17:58.681,0.7701,2.58,buy,85060684
'2025-05-24 12:17:58.681,0.7701,2.58,buy,85060685
'2025-05-24 12:17:58.681,0.7701,2.58,buy,85060686
'2025-05-24 12:17:58.681,0.7701,2.58,buy,85060687
'2025-05-24 12:17:58.681,0.7701,2.58,buy,85060688
'2025-05-24 12:17:58.681,0.7701,2.58,buy,85060689
'2025-05-24 12:17:58.681,0.7701,2.58,buy,85060690
'2025-05-24 12:17:58.681,0.7701,2.58,buy,85060691
'2025-05-24 12:17:58.681,0.7701,2.58,buy,85060692
'2025-05-24 12:17:58.681,0.7701,2.58,buy,85060693
'2025-05-24 12:17:58.681,0.7701,2.58,buy,85060694
'2025-05-24 12:17:58.681,0.7701,2.58,buy,85060695
'2025-05-24 12:17:58.681,0.7701,2.58,buy,85060696
'2025-05-24 12:17:58.681,0.7701,2.58,buy,85060697
'2025-05-24 12:17:58.681,0.7701,2.58,buy,85060698
'2025-05-24 12:17:58.681,0.7701,2.58,buy,85060699
'2025-05-24 12:17:58.681,0.7701,2.58,buy,85060700
'2025-05-24 12:17:58.681,0.7701,2.58,buy,85060701
'2025-05-24 12:17:58.681,0.7701,2.58,buy,85060702
'2025-05-24 12:17:58.681,0.7701,2.58,buy,85060703
'2025-05-24 12:17:58.681,0.7701,2.58,buy,85060704
'2025-05-24 12:17:58.681,0.7701,2.58,buy,85060705
'2025-05-24 12:17:58.874,0.7701,40.393,buy,85060706
'2025-05-24 12:17:59.349,0.7699,1291.9,sell,85060707
'2025-05-24 12:17:59.356,0.7698,159.486,sell,85060708
'2025-05-24 12:17:59.362,0.7699,703.855,buy,85060709
'2025-05-24 12:17:59.402,0.7697,116.064,sell,85060711
'2025-05-24 12:17:59.404,0.7696,103.918,sell,85060713
'2025-05-24 12:17:59.714,0.7697,53.03,buy,85060714
'2025-05-24 12:18:00.016,0.7697,176.826,buy,85060716
'2025-05-24 12:18:00.016,0.7698,2484.434,buy,85060718
'2025-05-24 12:18:00.033,0.7698,236.339,buy,85060719
'2025-05-24 12:18:00.062,0.7699,333,buy,85060720
'2025-05-24 12:18:00.082,0.77,377.227,buy,85060723
'2025-05-24 12:18:00.085,0.7701,636.77,buy,85060725
'2025-05-24 12:18:00.995,0.7702,245.394,buy,85060727
'2025-05-24 12:18:01.168,0.7699,979.425,sell,85060728
'2025-05-24 12:18:01.494,0.77,100,sell,85060729
'2025-05-24 12:18:01.789,0.7701,45,sell,85060730
'2025-05-24 12:18:01.805,0.7701,14.25,sell,85060731
'2025-05-24 12:18:02.053,0.7701,769.068,sell,85060733
'2025-05-24 12:18:02.053,0.77,1230.932,sell,85060735
'2025-05-24 12:18:02.479,0.77,61.858,sell,85060736
'2025-05-24 12:18:03.248,0.77,5.857,sell,85060737
'2025-05-24 12:18:03.852,0.7701,231.51,sell,85060739
'2025-05-24 12:18:03.852,0.77,1768.49,sell,85060744
'2025-05-24 12:18:04.080,0.7702,24.299,buy,85060745
'2025-05-24 12:18:04.313,0.7704,4.641,buy,85060747
'2025-05-24 12:18:04.549,0.7701,85.826,sell,85060748
'2025-05-24 12:18:04.549,0.77,1305.968,sell,85060753
'2025-05-24 12:18:04.550,0.7699,1083.938,sell,85060760
'2025-05-24 12:18:04.844,0.7699,99.305,sell,85060761
'2025-05-24 12:18:04.844,0.7698,25.468,sell,85060762
'2025-05-24 12:18:05.142,0.77,134.266,buy,85060763
'2025-05-24 12:18:09.553,0.77,50,buy,85060764
'2025-05-24 12:18:09.555,0.77,25.974,buy,85060765
'2025-05-24 12:18:10.809,0.7699,132.61,sell,85060766
'2025-05-24 12:18:10.809,0.7698,18.532,sell,85060767
'2025-05-24 12:18:10.809,0.7697,78.858,sell,85060768
'2025-05-24 12:18:11.563,0.7698,472.564,buy,85060769
'2025-05-24 12:18:12.098,0.77,279.072,buy,85060772
'2025-05-24 12:18:13.342,0.77,1011.8,buy,85060775
'2025-05-24 12:18:13.344,0.77,721.287,buy,85060776
'2025-05-24 12:18:13.344,0.77,1011.8,buy,85060777
'2025-05-24 12:18:14.973,0.77,54.351,sell,85060779
'2025-05-24 12:18:15.842,0.77,232.464,buy,85060780
'2025-05-24 12:18:15.909,0.77,1167.665,buy,85060781
'2025-05-24 12:18:17.066,0.7699,25,sell,85060782
'2025-05-24 12:18:17.451,0.77,17,buy,85060783
'2025-05-24 12:18:17.895,0.77,1.586,buy,85060784
'2025-05-24 12:18:18.201,0.7699,757.844,sell,85060785
'2025-05-24 12:18:18.203,0.7698,1092.482,sell,85060787
'2025-05-24 12:18:18.301,0.7698,20,sell,85060788
'2025-05-24 12:18:20.725,0.7699,327.913,buy,85060789
'2025-05-24 12:18:21.357,0.7697,166.696,sell,85060793
'2025-05-24 12:18:21.358,0.7696,47.918,sell,85060795
'2025-05-24 12:18:21.362,0.7695,454.447,sell,85060799
'2025-05-24 12:18:22.944,0.7694,49.449,sell,85060801
'2025-05-24 12:18:22.944,0.7693,396.783,sell,85060805
'2025-05-24 12:18:22.944,0.7692,453.768,sell,85060812
'2025-05-24 12:18:23.183,0.7695,62.727,buy,85060813
'2025-05-24 12:18:23.399,0.7696,200,buy,85060815
'2025-05-24 12:18:24.203,0.7694,54.167,buy,85060816
'2025-05-24 12:18:24.314,0.7694,100,buy,85060817
'2025-05-24 12:18:25.878,0.7694,1020.334,buy,85060818
'2025-05-24 12:18:25.878,0.7695,1112.332,buy,85060820
'2025-05-24 12:18:25.880,0.7696,3.918,buy,85060821
'2025-05-24 12:18:25.933,0.7697,16.4,buy,85060822
'2025-05-24 12:18:26.640,0.7697,6.238,sell,85060824
'2025-05-24 12:18:27.380,0.7698,1.89,buy,85060825
'2025-05-24 12:18:27.382,0.7697,1000,sell,85060827
'2025-05-24 12:18:27.732,0.7699,22.302,buy,85060829
'2025-05-24 12:18:28.235,0.77,559.628,buy,85060830
'2025-05-24 12:18:28.236,0.77,6628.628,buy,85060832
'2025-05-24 12:18:28.236,0.77,7303.989,buy,85060833
'2025-05-24 12:18:28.237,0.77,1640.013,buy,85060838
'2025-05-24 12:18:28.237,0.77,2448.079,buy,85060840
'2025-05-24 12:18:28.237,0.77,3319.251,buy,85060842
'2025-05-24 12:18:28.244,0.7701,5.449,buy,85060843
'2025-05-24 12:18:29.412,0.7702,16.4,buy,85060844
'2025-05-24 12:18:29.685,0.7703,91.77,buy,85060845
'2025-05-24 12:18:29.685,0.7704,213.551,buy,85060852
'2025-05-24 12:18:29.854,0.7704,50,buy,85060853
'2025-05-24 12:18:30.929,0.77,87.353,sell,85060855
'2025-05-24 12:18:30.929,0.7699,8.647,sell,85060856
'2025-05-24 12:18:32.552,0.7703,99.604,buy,85060857
'2025-05-24 12:18:34.680,0.7703,257.2,sell,85060858
'2025-05-24 12:18:34.680,0.7702,1101.718,sell,85060861
'2025-05-24 12:18:34.680,0.7701,2287.47,sell,85060867
'2025-05-24 12:18:35.153,0.7703,400,sell,85060868
'2025-05-24 12:18:35.527,0.7704,100.451,buy,85060870
'2025-05-24 12:18:36.657,0.7702,3,sell,85060871
'2025-05-24 12:18:36.677,0.7705,25.662,buy,85060874
'2025-05-24 12:18:36.740,0.7702,18.816,sell,85060875
'2025-05-24 12:18:36.745,0.7702,84.371,sell,85060877
'2025-05-24 12:18:37.460,0.7701,21.803,sell,85060878
'2025-05-24 12:18:37.460,0.77,306.554,sell,85060880
'2025-05-24 12:18:37.725,0.7701,267.643,buy,85060881
'2025-05-24 12:18:37.783,0.77,3.918,sell,85060882
'2025-05-24 12:18:38.330,0.77,100,buy,85060884
'2025-05-24 12:18:39.369,0.77,200,buy,85060885
'2025-05-24 12:18:39.456,0.7698,68.92,sell,85060887
'2025-05-24 12:18:39.616,0.7698,77.801,sell,85060889
'2025-05-24 12:18:39.616,0.7697,313.444,sell,85060890
'2025-05-24 12:18:40.585,0.7697,118.781,sell,85060893
'2025-05-24 12:18:40.981,0.77,44.391,buy,85060894
'2025-05-24 12:18:41.829,0.7698,267.643,buy,85060895
'2025-05-24 12:18:41.905,0.7698,267.643,buy,85060896
'2025-05-24 12:18:41.905,0.77,24.613,buy,85060897
'2025-05-24 12:18:44.428,0.7699,191.51,buy,85060898
'2025-05-24 12:18:44.498,0.7697,37.169,sell,85060899
'2025-05-24 12:18:48.170,0.7698,11.494,sell,85060900
'2025-05-24 12:18:48.684,0.77,339.378,buy,85060902
'2025-05-24 12:18:48.687,0.7701,1.705,buy,85060903
'2025-05-24 12:18:48.690,0.7702,99.998,buy,85060905
'2025-05-24 12:18:48.690,0.7704,1926.674,buy,85060911
'2025-05-24 12:18:51.156,0.7703,5.955,buy,85060912
'2025-05-24 12:18:51.710,0.7701,1890.13,sell,85060914
'2025-05-24 12:18:51.734,0.77,175.493,sell,85060918
'2025-05-24 12:18:52.635,0.7699,1.64,sell,85060919
'2025-05-24 12:18:53.877,0.7699,157.252,sell,85060920
'2025-05-24 12:18:53.877,0.7698,34.89,sell,85060922
'2025-05-24 12:18:53.877,0.7697,7.858,sell,85060923
'2025-05-24 12:18:53.909,0.7698,85.243,buy,85060924
'2025-05-24 12:18:54.451,0.7698,87.024,buy,85060925
'2025-05-24 12:18:54.720,0.7699,258.897,buy,85060927
'2025-05-24 12:18:54.720,0.77,452.542,buy,85060930
'2025-05-24 12:18:54.864,0.7697,72.403,sell,85060931
'2025-05-24 12:18:54.906,0.7697,200.298,sell,85060932
'2025-05-24 12:18:55.187,0.7697,399.601,sell,85060935
'2025-05-24 12:18:55.187,0.7696,790.097,sell,85060940
'2025-05-24 12:18:55.191,0.7695,3044.57,sell,85060941
'2025-05-24 12:18:55.191,0.7695,1342.207,sell,85060946
'2025-05-24 12:18:55.193,0.7694,2066.076,sell,85060952
'2025-05-24 12:18:55.193,0.7693,1628.972,sell,85060953
'2025-05-24 12:18:55.194,0.7693,5062.466,sell,85060961
'2025-05-24 12:18:55.204,0.7694,112.85,sell,85060962
'2025-05-24 12:18:55.204,0.7692,133.079,sell,85060968
'2025-05-24 12:18:55.225,0.7692,179.991,buy,85060969
'2025-05-24 12:18:55.240,0.7691,80.971,sell,85060977
'2025-05-24 12:18:55.249,0.7691,98.976,sell,85060978
'2025-05-24 12:18:55.251,0.7691,161.93,sell,85060979
'2025-05-24 12:18:55.252,0.769,10678.72,sell,85061018
'2025-05-24 12:18:55.255,0.7689,690.065,sell,85061032
'2025-05-24 12:18:55.259,0.7688,32.706,sell,85061036
'2025-05-24 12:18:55.277,0.7689,6.502,buy,85061037
'2025-05-24 12:18:55.280,0.7688,1336.517,sell,85061053
'2025-05-24 12:18:55.280,0.7687,478.732,sell,85061071
'2025-05-24 12:18:55.280,0.7686,597.695,sell,85061088
'2025-05-24 12:18:55.280,0.7685,2695.119,sell,85061114
'2025-05-24 12:18:55.280,0.7684,4628.593,sell,85061155
'2025-05-24 12:18:55.280,0.7683,1678.828,sell,85061171
'2025-05-24 12:18:55.297,0.7683,25.773,sell,85061172
'2025-05-24 12:18:55.301,0.7683,483.814,sell,85061173
'2025-05-24 12:18:55.301,0.7682,3755.749,sell,85061191
'2025-05-24 12:18:55.301,0.7682,911.004,sell,85061193
'2025-05-24 12:18:55.304,0.7684,119.641,buy,85061194
'2025-05-24 12:18:55.311,0.7683,18,sell,85061195
'2025-05-24 12:18:55.312,0.7682,278.793,sell,85061197
'2025-05-24 12:18:55.313,0.7684,53.645,buy,85061198
'2025-05-24 12:18:55.317,0.7684,14.993,buy,85061199
'2025-05-24 12:18:55.318,0.7684,6.507,buy,85061200
'2025-05-24 12:18:55.320,0.7684,14.993,buy,85061201
'2025-05-24 12:18:55.339,0.7683,1,sell,85061202
'2025-05-24 12:18:55.340,0.7684,909.579,buy,85061204
'2025-05-24 12:18:55.340,0.7686,611.237,buy,85061205
'2025-05-24 12:18:55.345,0.7684,6.507,buy,85061206
'2025-05-24 12:18:55.348,0.7683,168.969,sell,85061207
'2025-05-24 12:18:55.433,0.7684,1231.876,buy,85061209
'2025-05-24 12:18:55.443,0.7685,1052.646,buy,85061211
'2025-05-24 12:18:55.444,0.7686,1380.026,buy,85061214
'2025-05-24 12:18:55.471,0.7685,799.813,sell,85061216
'2025-05-24 12:18:55.471,0.7684,826.276,sell,85061217
'2025-05-24 12:18:55.473,0.7683,1075.708,sell,85061219
'2025-05-24 12:18:55.503,0.7684,31.162,buy,85061220
'2025-05-24 12:18:55.532,0.7683,2.851,buy,85061221
'2025-05-24 12:18:55.534,0.7683,2.851,buy,85061222
'2025-05-24 12:18:55.547,0.7683,6.507,buy,85061223
'2025-05-24 12:18:55.577,0.7683,6.507,buy,85061224
'2025-05-24 12:18:55.609,0.7683,6.507,buy,85061225
'2025-05-24 12:18:56.629,0.7683,726.493,buy,85061227
'2025-05-24 12:18:56.629,0.7684,583.351,buy,85061230
'2025-05-24 12:18:56.629,0.7685,1690.156,buy,85061232
'2025-05-24 12:18:56.684,0.7684,485.716,buy,85061235
'2025-05-24 12:18:57.399,0.7684,99.875,buy,85061236
'2025-05-24 12:18:57.505,0.7685,96.16,buy,85061237
'2025-05-24 12:18:57.505,0.7686,1103.868,buy,85061240
'2025-05-24 12:18:57.574,0.7685,22.797,sell,85061241
'2025-05-24 12:18:57.609,0.7686,6.502,sell,85061242
'2025-05-24 12:18:57.617,0.7684,416.157,sell,85061243
'2025-05-24 12:18:57.656,0.7684,22.306,buy,85061244
'2025-05-24 12:18:57.658,0.7684,609.136,buy,85061245
'2025-05-24 12:18:57.817,0.7686,260.213,buy,85061246
'2025-05-24 12:18:58.025,0.7685,177.482,sell,85061247
'2025-05-24 12:18:58.568,0.7688,801.249,buy,85061250
'2025-05-24 12:18:58.568,0.7689,780.096,buy,85061251
'2025-05-24 12:18:58.568,0.769,1.038,buy,85061252
'2025-05-24 12:18:58.568,0.7691,159.866,buy,85061254
'2025-05-24 12:18:58.798,0.769,459.123,sell,85061255
'2025-05-24 12:18:59.400,0.7692,1099.751,buy,85061259
'2025-05-24 12:18:59.699,0.7693,62.535,buy,85061262
'2025-05-24 12:18:59.739,0.769,21.669,sell,85061263
'2025-05-24 12:19:00.937,0.769,2.715,sell,85061264
'2025-05-24 12:19:01.052,0.7691,576.579,buy,85061265
'2025-05-24 12:19:01.202,0.7693,290.248,buy,85061266
'2025-05-24 12:19:01.221,0.7694,322.111,buy,85061267
'2025-05-24 12:19:01.255,0.7694,205.199,buy,85061272
'2025-05-24 12:19:01.283,0.7695,1096.054,buy,85061275
'2025-05-24 12:19:01.363,0.7693,52.594,sell,85061276
'2025-05-24 12:19:01.951,0.7694,919.291,buy,85061278
'2025-05-24 12:19:02.292,0.7696,535.605,buy,85061284
'2025-05-24 12:19:03.599,0.7695,500,sell,85061285
'2025-05-24 12:19:04.225,0.7695,200,sell,85061286
'2025-05-24 12:19:04.322,0.7697,2007.056,buy,85061291
'2025-05-24 12:19:04.342,0.7698,1.89,buy,85061292
'2025-05-24 12:19:04.342,0.7699,108.867,buy,85061299
'2025-05-24 12:19:04.352,0.77,8996.772,buy,85061300
'2025-05-24 12:19:04.352,0.77,1180.73,buy,85061301
'2025-05-24 12:19:04.354,0.77,3903.845,buy,85061308
'2025-05-24 12:19:04.354,0.7701,1218.779,buy,85061314
'2025-05-24 12:19:04.372,0.7701,97.437,buy,85061315
'2025-05-24 12:19:04.400,0.7702,111.899,buy,85061318
'2025-05-24 12:19:04.961,0.7702,547.309,sell,85061319
'2025-05-24 12:19:04.979,0.7703,581.247,buy,85061322
'2025-05-24 12:19:04.979,0.7704,1549.717,buy,85061329
'2025-05-24 12:19:05.276,0.7705,334.328,buy,85061335
'2025-05-24 12:19:05.276,0.7706,509.316,buy,85061342
'2025-05-24 12:19:05.276,0.7706,362.18,buy,85061344
'2025-05-24 12:19:05.276,0.7707,28.008,buy,85061346
'2025-05-24 12:19:05.276,0.7708,355.534,buy,85061351
'2025-05-24 12:19:05.339,0.7708,1566.476,buy,85061354
'2025-05-24 12:19:05.404,0.7709,25.943,buy,85061356
'2025-05-24 12:19:05.418,0.7709,70.094,buy,85061357
'2025-05-24 12:19:05.672,0.7707,249.031,sell,85061359
'2025-05-24 12:19:05.674,0.7706,157.036,sell,85061360
'2025-05-24 12:19:05.713,0.7706,96.116,sell,85061361
'2025-05-24 12:19:05.791,0.7706,25.953,buy,85061362
'2025-05-24 12:19:06.653,0.7704,3.918,sell,85061363
'2025-05-24 12:19:06.712,0.7702,16.4,sell,85061364
'2025-05-24 12:19:06.814,0.7702,21.411,buy,85061366
'2025-05-24 12:19:06.872,0.7701,5.449,sell,85061367
'2025-05-24 12:19:06.882,0.77,988.092,sell,85061370
'2025-05-24 12:19:06.890,0.7699,4.536,sell,85061372
'2025-05-24 12:19:06.890,0.7698,242.362,sell,85061373
'2025-05-24 12:19:07.772,0.77,149.892,buy,85061375
'2025-05-24 12:19:08.342,0.7701,92.991,buy,85061376
'2025-05-24 12:19:08.342,0.7702,616.414,buy,85061377
'2025-05-24 12:19:08.342,0.7703,2023.073,buy,85061380
'2025-05-24 12:19:08.342,0.7704,3918.767,buy,85061384
'2025-05-24 12:19:08.343,0.7704,314.841,buy,85061385
'2025-05-24 12:19:08.343,0.7704,92.731,buy,85061386
'2025-05-24 12:19:08.362,0.7705,898.876,sell,85061387
'2025-05-24 12:19:08.399,0.7706,597.055,buy,85061392
'2025-05-24 12:19:08.399,0.7707,949.414,buy,85061394
'2025-05-24 12:19:08.401,0.7708,338.071,buy,85061397
'2025-05-24 12:19:08.426,0.7708,898.876,sell,85061398
'2025-05-24 12:19:09.191,0.7706,88.358,sell,85061399
'2025-05-24 12:19:09.324,0.7705,1.867,buy,85061400
'2025-05-24 12:19:09.999,0.7704,3.918,sell,85061401
'2025-05-24 12:19:09.999,0.7703,269.845,sell,85061402
'2025-05-24 12:19:10.401,0.7702,291.963,sell,85061404
'2025-05-24 12:19:11.146,0.7702,94.575,sell,85061405
'2025-05-24 12:19:11.516,0.7702,218.198,sell,85061406
'2025-05-24 12:19:12.053,0.7702,190.474,sell,85061407
'2025-05-24 12:19:12.054,0.7701,777.65,sell,85061408
'2025-05-24 12:19:12.054,0.77,3419.556,sell,85061411
'2025-05-24 12:19:12.062,0.7699,178.35,sell,85061415
'2025-05-24 12:19:12.064,0.7698,177.991,sell,85061418
'2025-05-24 12:19:12.162,0.7701,92.393,buy,85061419
'2025-05-24 12:19:12.173,0.7703,100,buy,85061420
'2025-05-24 12:19:12.391,0.7701,99.683,buy,85061421
'2025-05-24 12:19:12.644,0.7701,322.927,sell,85061422
'2025-05-24 12:19:13.988,0.7703,91.473,sell,85061423
'2025-05-24 12:19:15.361,0.7704,2.121,buy,85061424
'2025-05-24 12:19:19.018,0.7704,42.756,buy,85061427
'2025-05-24 12:19:20.041,0.7704,1.868,buy,85061428
'2025-05-24 12:19:20.331,0.7702,39.759,sell,85061429
'2025-05-24 12:19:20.386,0.7704,11.06,buy,85061430
'2025-05-24 12:19:20.392,0.7704,38.94,sell,85061431
'2025-05-24 12:19:20.395,0.7702,93.476,sell,85061432
'2025-05-24 12:19:21.301,0.7702,49.089,buy,85061433
'2025-05-24 12:19:22.347,0.7701,20,sell,85061435
'2025-05-24 12:19:22.621,0.7701,196.578,sell,85061436
'2025-05-24 12:19:23.321,0.7701,395.022,sell,85061438
'2025-05-24 12:19:23.321,0.77,86.301,sell,85061439
'2025-05-24 12:19:23.332,0.7701,77.079,buy,85061440
'2025-05-24 12:19:24.303,0.7701,100,sell,85061441
'2025-05-24 12:19:24.771,0.7702,748.626,buy,85061442
'2025-05-24 12:19:24.773,0.7703,789.53,buy,85061445
'2025-05-24 12:19:24.775,0.7704,149.316,buy,85061446
'2025-05-24 12:19:24.899,0.7705,645.062,buy,85061448
'2025-05-24 12:19:24.910,0.7705,267.643,sell,85061449
'2025-05-24 12:19:24.910,0.7704,374.517,sell,85061450
'2025-05-24 12:19:25.044,0.7705,9.011,sell,85061451
'2025-05-24 12:19:26.573,0.7704,22.265,buy,85061452
'2025-05-24 12:19:26.756,0.7705,92.92,buy,85061453
'2025-05-24 12:19:26.756,0.7706,225.148,buy,85061456
'2025-05-24 12:19:26.756,0.7707,356.751,buy,85061457
'2025-05-24 12:19:26.756,0.7708,753.742,buy,85061461
'2025-05-24 12:19:27.684,0.7706,1,buy,85061462
'2025-05-24 12:19:27.745,0.7704,3.918,sell,85061463
'2025-05-24 12:19:27.745,0.7703,1.402,sell,85061464
'2025-05-24 12:19:27.866,0.7705,1,buy,85061465
'2025-05-24 12:19:28.077,0.7703,637.316,sell,85061467
'2025-05-24 12:19:28.077,0.7702,362.684,sell,85061469
'2025-05-24 12:19:29.777,0.7704,290.572,sell,85061470
'2025-05-24 12:19:29.777,0.7703,57.282,sell,85061471
'2025-05-24 12:19:30.296,0.7703,613.004,buy,85061472
'2025-05-24 12:19:31.040,0.7703,55.974,sell,85061473
'2025-05-24 12:19:31.978,0.7703,332.022,sell,85061475
'2025-05-24 12:19:31.980,0.7702,349.4,sell,85061477
'2025-05-24 12:19:32.369,0.7702,236.3,buy,85061478
'2025-05-24 12:19:32.489,0.7702,193.929,buy,85061480
'2025-05-24 12:19:32.489,0.7703,430.543,buy,85061482
'2025-05-24 12:19:32.489,0.7704,2034.767,buy,85061484
'2025-05-24 12:19:32.492,0.7704,495.19,sell,85061485
'2025-05-24 12:19:32.494,0.7704,1004.792,sell,85061486
'2025-05-24 12:19:32.494,0.7704,84.626,sell,85061487
'2025-05-24 12:19:34.688,0.77,10.856,sell,85061488
'2025-05-24 12:19:35.203,0.77,26.827,sell,85061490
'2025-05-24 12:19:35.735,0.7701,96.666,buy,85061491
'2025-05-24 12:19:35.735,0.7702,114.419,buy,85061492
'2025-05-24 12:19:36.652,0.7702,905.977,buy,85061493
'2025-05-24 12:19:36.716,0.7701,1346.821,sell,85061495
'2025-05-24 12:19:37.114,0.77,20,sell,85061496
'2025-05-24 12:19:38.733,0.77,137.282,sell,85061497
'2025-05-24 12:19:38.733,0.77,26.174,sell,85061499
'2025-05-24 12:19:38.733,0.7699,90.22,sell,85061502
'2025-05-24 12:19:38.790,0.7698,318.768,sell,85061506
'2025-05-24 12:19:40.306,0.7699,86.909,buy,85061507
'2025-05-24 12:19:41.435,0.7699,38.197,buy,85061508
'2025-05-24 12:19:41.747,0.7699,1,buy,85061509
'2025-05-24 12:19:43.056,0.77,7672.163,buy,85061511
'2025-05-24 12:19:43.058,0.7703,3210.273,buy,85061512
'2025-05-24 12:19:43.264,0.7703,250.871,sell,85061513
'2025-05-24 12:19:43.426,0.7704,5.808,buy,85061515
'2025-05-24 12:19:43.426,0.7705,194.192,buy,85061516
'2025-05-24 12:19:44.418,0.7704,52.958,sell,85061517
'2025-05-24 12:19:47.120,0.7706,37.266,buy,85061518
'2025-05-24 12:19:47.152,0.7706,287.882,buy,85061522
'2025-05-24 12:19:49.093,0.7708,5.071,buy,85061524
'2025-05-24 12:19:49.093,0.7709,6.569,buy,85061526
'2025-05-24 12:19:49.093,0.771,1.332,buy,85061527
'2025-05-24 12:19:49.183,0.7708,54.669,sell,85061528
'2025-05-24 12:19:50.471,0.7709,94.454,buy,85061529
'2025-05-24 12:19:50.471,0.771,3.442,buy,85061531
'2025-05-24 12:19:55.521,0.771,84.247,buy,85061540
'2025-05-24 12:19:55.983,0.7709,13.064,sell,85061541
'2025-05-24 12:19:57.479,0.7709,1.246,sell,85061542
'2025-05-24 12:19:57.479,0.7709,24.54,sell,85061543
'2025-05-24 12:19:58.959,0.7709,118.385,sell,85061544
'2025-05-24 12:19:59.148,0.7708,724.494,sell,85061545
'2025-05-24 12:19:59.348,0.7708,1491.9,sell,85061546
'2025-05-24 12:19:59.590,0.7705,105.993,sell,85061547
'2025-05-24 12:20:00.418,0.7708,217.81,buy,85061548
'2025-05-24 12:20:02.224,0.7706,91.765,sell,85061549
'2025-05-24 12:20:07.686,0.7705,95.745,buy,85061550
'2025-05-24 12:20:07.686,0.7706,154.255,buy,85061551
'2025-05-24 12:20:11.223,0.7704,5.808,sell,85061553
'2025-05-24 12:20:11.223,0.7703,1,sell,85061554
'2025-05-24 12:20:11.223,0.7702,41.855,sell,85061556
'2025-05-24 12:20:11.837,0.7704,550.884,buy,85061559
'2025-05-24 12:20:11.837,0.7705,249.919,buy,85061560
'2025-05-24 12:20:12.710,0.7703,295.822,sell,85061561
'2025-05-24 12:20:13.643,0.7702,35,sell,85061562
'2025-05-24 12:20:15.125,0.7703,325.855,sell,85061564
'2025-05-24 12:20:16.521,0.7704,6.226,buy,85061565
'2025-05-24 12:20:16.781,0.7704,12.98,buy,85061566
'2025-05-24 12:20:17.897,0.7706,38.794,buy,85061567
'2025-05-24 12:20:18.759,0.7706,185.116,buy,85061570
'2025-05-24 12:20:19.782,0.7706,296.803,buy,85061572
'2025-05-24 12:20:19.782,0.7707,1465.218,buy,85061573
'2025-05-24 12:20:19.789,0.7705,250,sell,85061574
'2025-05-24 12:20:20.777,0.7707,300,sell,85061575
'2025-05-24 12:20:20.792,0.7708,3.918,buy,85061576
'2025-05-24 12:20:25.557,0.7708,747.99,buy,85061577
'2025-05-24 12:20:25.562,0.7708,17.307,buy,85061578
'2025-05-24 12:20:26.147,0.771,1350.599,buy,85061579
'2025-05-24 12:20:26.174,0.771,1286.36,buy,85061582
'2025-05-24 12:20:27.659,0.771,701.102,buy,85061583
'2025-05-24 12:20:28.234,0.771,159.275,buy,85061584
'2025-05-24 12:20:28.362,0.771,1619.726,buy,85061585
'2025-05-24 12:20:28.402,0.771,5672.3,buy,85061588
'2025-05-24 12:20:28.402,0.771,1218.877,buy,85061589
'2025-05-24 12:20:28.402,0.771,506.418,buy,85061590
'2025-05-24 12:20:28.402,0.771,705.088,buy,85061592
'2025-05-24 12:20:28.404,0.7711,19.072,buy,85061595
'2025-05-24 12:20:28.979,0.7711,3210.273,sell,85061596
'2025-05-24 12:20:29.726,0.7711,35.685,buy,85061597
'2025-05-24 12:20:36.465,0.7711,22,sell,85061598
'2025-05-24 12:20:37.815,0.7711,199.341,sell,85061600
'2025-05-24 12:20:37.815,0.771,0.659,sell,85061601
'2025-05-24 12:20:41.116,0.7711,30,buy,85061602
'2025-05-24 12:20:41.253,0.7712,221.143,buy,85061612
'2025-05-24 12:20:41.253,0.7713,1658.571,buy,85061621
'2025-05-24 12:20:41.253,0.7714,3182.542,buy,85061629
'2025-05-24 12:20:41.253,0.7715,4091.831,buy,85061636
'2025-05-24 12:20:41.253,0.7716,440.905,buy,85061647
'2025-05-24 12:20:41.253,0.7717,930,buy,85061651
'2025-05-24 12:20:41.253,0.7717,930,buy,85061653
'2025-05-24 12:20:41.253,0.7717,352.56,buy,85061654
'2025-05-24 12:20:41.253,0.7718,930,buy,85061662
'2025-05-24 12:20:41.253,0.7719,930,buy,85061675
'2025-05-24 12:20:41.253,0.7719,171.261,buy,85061676
'2025-05-24 12:20:41.253,0.772,605.803,buy,85061700
'2025-05-24 12:20:41.253,0.7721,152.936,buy,85061702
'2025-05-24 12:20:41.253,0.7721,648.58,buy,85061705
'2025-05-24 12:20:41.254,0.7721,50.631,buy,85061706
'2025-05-24 12:20:41.254,0.7722,879.369,buy,85061710
'2025-05-24 12:20:41.257,0.7722,1933.92,buy,85061711
'2025-05-24 12:20:41.262,0.7721,898.876,sell,85061712
'2025-05-24 12:20:41.262,0.7721,400,sell,85061713
'2025-05-24 12:20:41.263,0.772,267.643,sell,85061714
'2025-05-24 12:20:41.263,0.772,322.589,sell,85061715
'2025-05-24 12:20:41.263,0.7719,590.232,sell,85061716
'2025-05-24 12:20:41.263,0.7718,857.875,sell,85061718
'2025-05-24 12:20:41.263,0.7717,2606.096,sell,85061719
'2025-05-24 12:20:41.264,0.7719,220.91,sell,85061720
'2025-05-24 12:20:41.264,0.7718,52.541,sell,85061721
'2025-05-24 12:20:41.265,0.7721,518.691,sell,85061722
'2025-05-24 12:20:41.265,0.7718,1252.005,sell,85061723
'2025-05-24 12:20:41.265,0.7718,490.503,sell,85061725
'2025-05-24 12:20:41.265,0.7717,1280.193,sell,85061727
'2025-05-24 12:20:41.265,0.7717,490.503,sell,85061729
'2025-05-24 12:20:41.265,0.7716,1280.193,sell,85061733
'2025-05-24 12:20:41.267,0.7716,485.158,sell,85061734
'2025-05-24 12:20:41.267,0.7715,16.4,sell,85061735
'2025-05-24 12:20:41.299,0.7717,613.004,buy,85061736
'2025-05-24 12:20:41.299,0.7718,718.691,buy,85061738
'2025-05-24 12:20:41.299,0.7719,606.632,buy,85061740
'2025-05-24 12:20:41.299,0.772,594.15,buy,85061742
'2025-05-24 12:20:41.301,0.772,3.919,buy,85061743
'2025-05-24 12:20:41.306,0.7719,267.643,sell,85061744
'2025-05-24 12:20:41.306,0.7718,590.232,sell,85061745
'2025-05-24 12:20:41.306,0.7717,1224.257,sell,85061747
'2025-05-24 12:20:41.313,0.7717,590.232,sell,85061748
'2025-05-24 12:20:41.332,0.7716,3.918,sell,85061749
'2025-05-24 12:20:41.337,0.7715,16.4,sell,85061750
'2025-05-24 12:20:41.349,0.7715,683,buy,85061752
'2025-05-24 12:20:41.349,0.7715,662,buy,85061754
'2025-05-24 12:20:41.352,0.7715,500.129,buy,85061755
'2025-05-24 12:20:41.362,0.7713,208.748,sell,85061757
'2025-05-24 12:20:41.419,0.7712,330.829,sell,85061763
'2025-05-24 12:20:41.419,0.7711,258.501,sell,85061766
'2025-05-24 12:20:41.491,0.771,96.428,sell,85061771
'2025-05-24 12:20:41.491,0.7709,13.692,sell,85061772
'2025-05-24 12:20:41.499,0.7709,76.32,sell,85061774
'2025-05-24 12:20:41.524,0.7709,515.539,buy,85061775
'2025-05-24 12:20:41.528,0.7709,560.814,buy,85061776
'2025-05-24 12:20:41.530,0.7709,51.871,buy,85061777
'2025-05-24 12:20:41.532,0.7709,363.676,buy,85061778
'2025-05-24 12:20:41.562,0.771,25.131,buy,85061779
'2025-05-24 12:20:42.909,0.7709,1572.209,buy,85061781
'2025-05-24 12:20:42.911,0.771,634.331,buy,85061782
'2025-05-24 12:20:43.212,0.7711,300,buy,85061783
'2025-05-24 12:20:43.980,0.7712,15.124,buy,85061784
'2025-05-24 12:20:44.350,0.7711,499.611,sell,85061785
'2025-05-24 12:20:44.504,0.7711,2.9,sell,85061786
'2025-05-24 12:20:45.079,0.7712,78.64,buy,85061787
'2025-05-24 12:20:48.864,0.7711,387.881,sell,85061790
'2025-05-24 12:20:48.864,0.771,232.839,sell,85061791
'2025-05-24 12:20:51.163,0.7711,12.968,buy,85061792
'2025-05-24 12:20:52.707,0.7711,94.142,buy,85061793
'2025-05-24 12:20:52.747,0.7715,16.4,buy,85061794
'2025-05-24 12:20:53.488,0.7715,489.608,sell,85061795
'2025-05-24 12:20:56.190,0.7711,212.163,sell,85061797
'2025-05-24 12:20:57.163,0.7712,518.672,buy,85061798
'2025-05-24 12:20:57.455,0.7713,41.576,buy,85061799
'2025-05-24 12:20:58.478,0.7713,82.889,buy,85061800
'2025-05-24 12:20:58.478,0.7714,899.341,buy,85061802
'2025-05-24 12:20:58.478,0.7715,45.91,buy,85061803
'2025-05-24 12:20:58.582,0.7713,96.226,buy,85061804
'2025-05-24 12:20:58.677,0.7715,16.4,buy,85061805
'2025-05-24 12:20:58.677,0.7716,184.991,buy,85061809
'2025-05-24 12:20:58.695,0.7715,1131.695,sell,85061811
'2025-05-24 12:20:58.971,0.7714,32.585,buy,85061812
'2025-05-24 12:21:01.483,0.7713,82.895,buy,85061813
'2025-05-24 12:21:01.612,0.7713,5.558,sell,85061814
'2025-05-24 12:21:02.165,0.7714,92.061,buy,85061815
'2025-05-24 12:21:02.165,0.7716,896.909,buy,85061817
'2025-05-24 12:21:02.165,0.7717,1676.972,buy,85061819
'2025-05-24 12:21:02.385,0.7714,1491.9,sell,85061820
'2025-05-24 12:21:03.232,0.7714,19.445,buy,85061821
'2025-05-24 12:21:03.309,0.7712,15,sell,85061823
'2025-05-24 12:21:03.919,0.7712,30,sell,85061825
'2025-05-24 12:21:04.029,0.7712,756.417,sell,85061826
'2025-05-24 12:21:04.708,0.7712,124.287,sell,85061827
'2025-05-24 12:21:04.821,0.7711,143.362,sell,85061829
'2025-05-24 12:21:05.311,0.7711,453.897,buy,85061830
'2025-05-24 12:21:08.970,0.7713,50.172,buy,85061831
'2025-05-24 12:21:09.474,0.7713,81.961,buy,85061832
'2025-05-24 12:21:09.474,0.7715,56.703,buy,85061833
'2025-05-24 12:21:11.940,0.7712,153.732,sell,85061834
'2025-05-24 12:21:13.166,0.7711,20.6,sell,85061836
'2025-05-24 12:21:13.420,0.7713,4.427,buy,85061837
'2025-05-24 12:21:13.420,0.7713,2.165,buy,85061838
'2025-05-24 12:21:14.298,0.7713,83.615,buy,85061839
'2025-05-24 12:21:14.298,0.7714,118.622,buy,85061840
'2025-05-24 12:21:14.298,0.7715,281.985,buy,85061841
'2025-05-24 12:21:14.448,0.7712,100,sell,85061842
'2025-05-24 12:21:15.009,0.7715,26.837,buy,85061843
'2025-05-24 12:21:17.490,0.7713,268.616,sell,85061844
'2025-05-24 12:21:18.209,0.7711,10,sell,85061845
'2025-05-24 12:21:19.742,0.771,2000,sell,85061849
'2025-05-24 12:21:19.755,0.771,48.209,sell,85061850
'2025-05-24 12:21:20.685,0.771,12.97,buy,85061851
'2025-05-24 12:21:20.686,0.771,136.46,buy,85061852
'2025-05-24 12:21:22.349,0.771,7.52,buy,85061853
'2025-05-24 12:21:27.416,0.7711,92.031,buy,85061854
'2025-05-24 12:21:27.424,0.7713,1491.9,buy,85061855
'2025-05-24 12:21:27.427,0.7713,87.738,buy,85061856
'2025-05-24 12:21:27.436,0.7715,259.927,buy,85061859
'2025-05-24 12:21:27.497,0.7716,5.808,buy,85061861
'2025-05-24 12:21:27.517,0.7715,1920.106,sell,85061863
'2025-05-24 12:21:31.412,0.7715,12.397,buy,85061864
'2025-05-24 12:21:35.171,0.7719,225.148,buy,85061867
'2025-05-24 12:21:35.171,0.772,509.448,buy,85061874
'2025-05-24 12:21:36.893,0.7717,100,sell,85061875
'2025-05-24 12:21:39.422,0.7716,3.918,sell,85061876
'2025-05-24 12:21:39.432,0.7715,893.443,sell,85061879
'2025-05-24 12:21:40.175,0.7714,1264.344,sell,85061881
'2025-05-24 12:21:40.179,0.7713,541.748,sell,85061884
'2025-05-24 12:21:43.097,0.7713,98.366,buy,85061885
'2025-05-24 12:21:43.097,0.7714,160.915,buy,85061886
'2025-05-24 12:21:43.909,0.7712,9.686,sell,85061890
'2025-05-24 12:21:43.909,0.7711,1483.191,sell,85061892
'2025-05-24 12:21:46.080,0.7711,659.768,buy,85061894
'2025-05-24 12:21:46.085,0.7711,898.876,buy,85061895
'2025-05-24 12:21:46.085,0.7711,499.5,buy,85061896
'2025-05-24 12:21:46.087,0.7711,96.003,buy,85061897
'2025-05-24 12:21:46.785,0.7713,535.014,buy,85061898
'2025-05-24 12:21:46.969,0.7714,70.002,buy,85061899
'2025-05-24 12:21:47.134,0.7713,27.906,sell,85061900
'2025-05-24 12:21:48.370,0.7715,98.533,buy,85061902
'2025-05-24 12:21:48.370,0.7716,3.918,buy,85061903
'2025-05-24 12:21:48.371,0.7717,777.737,buy,85061904
'2025-05-24 12:21:48.392,0.7716,93.327,buy,85061905
'2025-05-24 12:21:48.407,0.7718,898.876,sell,85061906
'2025-05-24 12:21:51.422,0.7716,100,sell,85061907
'2025-05-24 12:21:53.854,0.7716,180,sell,85061908
'2025-05-24 12:21:54.412,0.7716,35.391,sell,85061909
'2025-05-24 12:21:55.247,0.7716,228.696,sell,85061910
'2025-05-24 12:21:57.178,0.7715,491.01,sell,85061912
'2025-05-24 12:21:57.180,0.7714,998.386,sell,85061915
'2025-05-24 12:21:57.204,0.7715,88.362,sell,85061916
'2025-05-24 12:21:59.457,0.7714,24.601,buy,85061917
'2025-05-24 12:22:00.273,0.7714,75.321,buy,85061918
'2025-05-24 12:22:01.782,0.7716,264,sell,85061920
'2025-05-24 12:22:01.986,0.7716,133.163,sell,85061922
'2025-05-24 12:22:02.325,0.7718,279.887,buy,85061924
'2025-05-24 12:22:02.325,0.7719,225.165,buy,85061928
'2025-05-24 12:22:02.789,0.7715,110.082,sell,85061929
'2025-05-24 12:22:03.764,0.7715,128.012,sell,85061930
'2025-05-24 12:22:04.059,0.7715,731.819,sell,85061931
'2025-05-24 12:22:05.195,0.7716,573.973,buy,85061932
'2025-05-24 12:22:05.195,0.7718,612.099,buy,85061934
'2025-05-24 12:22:05.195,0.7719,2.695,buy,85061935
'2025-05-24 12:22:05.466,0.7715,4.316,sell,85061936
'2025-05-24 12:22:05.588,0.7717,712.784,buy,85061938
'2025-05-24 12:22:05.588,0.7718,521.403,buy,85061939
'2025-05-24 12:22:05.588,0.7719,1306.161,buy,85061943
'2025-05-24 12:22:05.588,0.772,2490.256,buy,85061952
'2025-05-24 12:22:05.588,0.7721,1233.273,buy,85061955
'2025-05-24 12:22:05.588,0.7722,2694.015,buy,85061962
'2025-05-24 12:22:05.588,0.7723,3499.108,buy,85061970
'2025-05-24 12:22:05.607,0.7721,786.49,sell,85061971
'2025-05-24 12:22:05.612,0.7721,112.386,sell,85061972
'2025-05-24 12:22:06.699,0.772,1469.843,buy,85061974
'2025-05-24 12:22:06.735,0.7718,773.425,sell,85061976
'2025-05-24 12:22:07.494,0.7717,6.481,sell,85061977
'2025-05-24 12:22:07.494,0.7717,81.711,sell,85061978
'2025-05-24 12:22:07.494,0.7716,20.823,sell,85061982
'2025-05-24 12:22:09.114,0.7717,726,sell,85061984
'2025-05-24 12:22:11.158,0.7717,103.667,buy,85061985
'2025-05-24 12:22:11.316,0.7717,35,buy,85061986
'2025-05-24 12:22:12.069,0.7719,82.218,buy,85061987
'2025-05-24 12:22:12.069,0.772,847.782,buy,85061990
'2025-05-24 12:22:12.362,0.7719,84.565,buy,85061991
'2025-05-24 12:22:12.362,0.772,514.435,buy,85061992
'2025-05-24 12:22:13.721,0.772,6.476,buy,85061993
'2025-05-24 12:22:14.281,0.772,26.39,buy,85061994
