ts,price,size,side,trade_id
'2025-05-21 19:35:28.978,169.12,20.132167,sell,296499717
'2025-05-21 19:35:30.069,169.1,1,sell,296499718
'2025-05-21 19:35:30.768,169.11,0.586802,buy,296499719
'2025-05-21 19:35:30.988,169.13,22.698241,buy,296499720
'2025-05-21 19:35:30.988,169.13,28.519491,buy,296499722
'2025-05-21 19:35:30.991,169.14,0.011543,buy,296499723
'2025-05-21 19:35:32.679,169.15,0.022586,sell,296499724
'2025-05-21 19:35:33.002,169.16,2.15,buy,296499725
'2025-05-21 19:35:33.002,169.17,27.38,buy,296499728
'2025-05-21 19:35:33.002,169.18,6.021796,buy,296499731
'2025-05-21 19:35:37.265,169.2,0.15,buy,296499732
'2025-05-21 19:35:37.265,169.2,0.004614,buy,296499734
'2025-05-21 19:35:38.297,169.21,2.53,buy,296499735
'2025-05-21 19:35:38.299,169.21,0.003872,buy,296499736
'2025-05-21 19:35:38.300,169.22,13.690631,buy,296499738
'2025-05-21 19:35:40.098,169.23,2,buy,296499739
'2025-05-21 19:35:40.866,169.23,0.004021,sell,296499740
'2025-05-21 19:35:41.425,169.24,47.011302,buy,296499745
'2025-05-21 19:35:43.229,169.23,2,sell,296499747
'2025-05-21 19:35:43.293,169.21,7.452621,sell,296499749
'2025-05-21 19:35:43.314,169.2,0.445116,sell,296499751
'2025-05-21 19:35:43.361,169.2,6.819841,sell,296499752
'2025-05-21 19:35:49.083,169.23,2.955083,sell,296499753
'2025-05-21 19:35:49.083,169.22,3.59,sell,296499754
'2025-05-21 19:35:49.084,169.22,7.019795,sell,296499755
'2025-05-21 19:35:49.272,169.2,0.001,sell,296499756
'2025-05-21 19:35:50.733,169.19,1.77,sell,296499757
'2025-05-21 19:35:50.923,169.19,0.003154,sell,296499758
'2025-05-21 19:35:50.923,169.18,2.176846,sell,296499760
'2025-05-21 19:35:50.923,169.18,27.834697,sell,296499761
'2025-05-21 19:35:51.029,169.16,14.773989,sell,296499763
'2025-05-21 19:35:52.720,169.16,0.217663,buy,296499764
'2025-05-21 19:35:53.280,169.15,0.2,sell,296499765
'2025-05-21 19:35:55.070,169.14,0.66,sell,296499767
'2025-05-21 19:35:55.071,169.14,2.307324,sell,296499768
'2025-05-21 19:35:56.120,169.13,1.15077,sell,296499770
'2025-05-21 19:35:59.143,169.12,0.126877,sell,296499771
'2025-05-21 19:36:01.051,169.11,0.060089,buy,296499772
'2025-05-21 19:36:01.511,169.13,0.06,buy,296499773
'2025-05-21 19:36:01.511,169.13,0.226018,buy,296499775
'2025-05-21 19:36:01.609,169.16,1.773468,buy,296499776
'2025-05-21 19:36:01.623,169.16,0.150148,buy,296499777
'2025-05-21 19:36:02.537,169.18,0.62,buy,296499779
'2025-05-21 19:36:02.537,169.18,0.002515,buy,296499780
'2025-05-21 19:36:03.229,169.2,0.9235,buy,296499781
'2025-05-21 19:36:03.229,169.2,2.2871,buy,296499785
'2025-05-21 19:36:06.377,169.2,12.598925,buy,296499786
'2025-05-21 19:36:07.033,169.22,20.303708,buy,296499792
'2025-05-21 19:36:07.078,169.24,0.29819,sell,296499793
'2025-05-21 19:36:07.304,169.25,2.77,buy,296499794
'2025-05-21 19:36:07.304,169.25,2.387427,buy,296499798
'2025-05-21 19:36:07.308,169.26,1.727528,buy,296499810
'2025-05-21 19:36:07.915,169.27,2.923,buy,296499821
'2025-05-21 19:36:07.929,169.28,0.011814,buy,296499823
'2025-05-21 19:36:08.269,169.28,0.001004,buy,296499824
'2025-05-21 19:36:08.328,169.28,1.249604,buy,296499844
'2025-05-21 19:36:08.452,169.28,0.02,sell,296499845
'2025-05-21 19:36:08.581,169.29,0.001004,buy,296499846
'2025-05-21 19:36:11.510,169.29,0.0485,buy,296499854
'2025-05-21 19:36:11.510,169.29,0.000071,buy,296499855
'2025-05-21 19:36:11.515,169.3,15.2631,buy,296499875
'2025-05-21 19:36:12.051,169.3,5.973429,buy,296499876
'2025-05-21 19:36:12.051,169.3,11.75798,buy,296499877
'2025-05-21 19:36:12.054,169.3,25.485857,buy,296499879
'2025-05-21 19:36:12.264,169.31,0.2859,buy,296499889
'2025-05-21 19:36:12.264,169.31,0.000018,buy,296499890
'2025-05-21 19:36:12.269,169.32,0.51,buy,296499911
'2025-05-21 19:36:12.270,169.32,0.000781,buy,296499912
'2025-05-21 19:36:13.297,169.33,2.59,buy,296499947
'2025-05-21 19:36:13.297,169.33,10.75,buy,296499959
'2025-05-21 19:36:13.411,169.33,0.37,sell,296499960
'2025-05-21 19:36:14.417,169.33,0.16,sell,296499961
'2025-05-21 19:36:17.273,169.33,0.068678,sell,296499962
'2025-05-21 19:36:17.331,169.33,0.477225,sell,296499963
'2025-05-21 19:36:17.979,169.32,0.07,buy,296499964
'2025-05-21 19:36:17.980,169.32,0.002114,buy,296499965
'2025-05-21 19:36:18.451,169.34,3.187414,buy,296499987
'2025-05-21 19:36:18.452,169.34,5.267933,buy,296499988
'2025-05-21 19:36:18.452,169.34,8.257642,buy,296499989
'2025-05-21 19:36:18.452,169.34,23.94939,buy,296499990
'2025-05-21 19:36:19.415,169.34,0.01,sell,296499991
'2025-05-21 19:36:19.526,169.34,1.344317,sell,296499993
'2025-05-21 19:36:19.868,169.32,0.089117,sell,296499994
'2025-05-21 19:36:21.049,169.33,0.016454,buy,296499995
'2025-05-21 19:36:21.347,169.32,0.24841,sell,296499996
'2025-05-21 19:36:23.325,169.31,0.014882,sell,296499997
'2025-05-21 19:36:23.349,169.3,0.001,sell,296499998
'2025-05-21 19:36:23.349,169.29,1.009,sell,296500000
'2025-05-21 19:36:23.350,169.29,0.002543,sell,296500001
'2025-05-21 19:36:23.350,169.28,9.481311,sell,296500003
'2025-05-21 19:36:23.629,169.27,1.421322,sell,296500006
'2025-05-21 19:36:23.662,169.26,0.011543,sell,296500007
'2025-05-21 19:36:23.694,169.25,0.001,sell,296500008
'2025-05-21 19:36:23.694,169.24,27.669646,sell,296500010
'2025-05-21 19:36:23.695,169.24,2.856925,sell,296500011
'2025-05-21 19:36:23.738,169.23,0.123535,sell,296500012
'2025-05-21 19:36:23.848,169.22,0.011543,sell,296500013
'2025-05-21 19:36:24.190,169.21,0.001188,sell,296500014
'2025-05-21 19:36:24.190,169.2,0.155614,sell,296500017
'2025-05-21 19:36:24.284,169.18,0.011543,sell,296500018
'2025-05-21 19:36:24.366,169.16,0.91098,sell,296500020
'2025-05-21 19:36:24.720,169.15,0.149167,sell,296500022
'2025-05-21 19:36:24.876,169.14,0.159895,sell,296500024
'2025-05-21 19:36:24.881,169.13,0.15077,sell,296500025
'2025-05-21 19:36:26.854,169.15,0.098237,buy,296500027
'2025-05-21 19:36:27.904,169.18,3.57647,buy,296500030
'2025-05-21 19:36:27.905,169.2,0.001,buy,296500031
'2025-05-21 19:36:27.905,169.21,8.909215,buy,296500032
'2025-05-21 19:36:27.905,169.22,35.201449,buy,296500035
'2025-05-21 19:36:27.908,169.22,8.23,buy,296500037
'2025-05-21 19:36:27.909,169.22,1.330203,buy,296500038
'2025-05-21 19:36:28.066,169.22,16.595105,sell,296500039
'2025-05-21 19:36:28.070,169.21,0.115654,sell,296500040
'2025-05-21 19:36:28.179,169.21,3.580137,buy,296500041
'2025-05-21 19:36:28.196,169.21,1.892,buy,296500042
'2025-05-21 19:36:28.682,169.21,0.720293,buy,296500043
'2025-05-21 19:36:28.690,169.21,1.07,buy,296500044
'2025-05-21 19:36:30.368,169.2,0.98611,sell,296500045
'2025-05-21 19:36:31.725,169.19,13.126894,sell,296500049
'2025-05-21 19:36:31.725,169.18,11.853106,sell,296500051
'2025-05-21 19:36:36.331,169.18,1.152736,buy,296500052
'2025-05-21 19:36:39.304,169.17,3.198751,sell,296500054
'2025-05-21 19:36:39.493,169.15,0.300605,sell,296500056
'2025-05-21 19:36:40.455,169.16,0.755171,buy,296500058
'2025-05-21 19:36:41.413,169.18,0.295583,buy,296500059
'2025-05-21 19:36:41.416,169.19,0.205302,buy,296500060
'2025-05-21 19:36:41.682,169.2,0.61074,buy,296500062
'2025-05-21 19:36:42.913,169.21,1.889214,buy,296500064
'2025-05-21 19:36:42.913,169.22,0.67,buy,296500065
'2025-05-21 19:36:42.914,169.22,6.69,buy,296500066
'2025-05-21 19:36:42.914,169.22,16.76712,buy,296500067
'2025-05-21 19:36:42.914,169.22,4.97398,buy,296500068
'2025-05-21 19:36:42.914,169.22,1.152921,buy,296500069
'2025-05-21 19:36:42.915,169.22,4.04,buy,296500070
'2025-05-21 19:36:42.915,169.22,11.548222,buy,296500072
'2025-05-21 19:36:45.446,169.24,1.280037,sell,296500074
'2025-05-21 19:36:45.812,169.25,0.293667,buy,296500075
'2025-05-21 19:36:48.435,169.24,0.006377,sell,296500079
'2025-05-21 19:36:49.432,169.24,0.013623,sell,296500080
'2025-05-21 19:36:50.180,169.26,0.538204,buy,296500082
'2025-05-21 19:36:50.598,169.27,0.724906,buy,296500085
'2025-05-21 19:36:50.601,169.28,2.008284,buy,296500087
'2025-05-21 19:36:51.411,169.29,0.011543,buy,296500088
'2025-05-21 19:36:51.411,169.3,0.004837,buy,296500090
'2025-05-21 19:36:52.275,169.31,0.59024,buy,296500091
'2025-05-21 19:36:55.061,169.33,2.456896,buy,296500094
'2025-05-21 19:36:55.063,169.34,6.360321,buy,296500098
'2025-05-21 19:36:55.064,169.35,0.835924,buy,296500108
'2025-05-21 19:36:55.782,169.34,2,buy,296500109
'2025-05-21 19:36:56.035,169.35,0.001003,buy,296500111
'2025-05-21 19:36:59.278,169.34,2.88,buy,296500113
'2025-05-21 19:36:59.321,169.35,15.584748,buy,296500116
'2025-05-21 19:36:59.323,169.36,8.727287,buy,296500132
'2025-05-21 19:36:59.332,169.36,0.44245,buy,296500133
'2025-05-21 19:36:59.420,169.36,0.148016,buy,296500135
'2025-05-21 19:36:59.420,169.37,0.466623,buy,296500152
'2025-05-21 19:37:00.264,169.37,0.27658,buy,296500160
'2025-05-21 19:37:00.269,169.38,0.318054,buy,296500171
'2025-05-21 19:37:00.269,169.39,0.305245,buy,296500183
'2025-05-21 19:37:00.438,169.39,0.21,sell,296500184
'2025-05-21 19:37:01.039,169.39,0.059091,buy,296500185
'2025-05-21 19:37:01.437,169.37,0.07,sell,296500186
'2025-05-21 19:37:02.625,169.38,1.416932,sell,296500187
'2025-05-21 19:37:03.001,169.34,0.118042,buy,296500188
'2025-05-21 19:37:03.589,169.33,0.559082,sell,296500190
'2025-05-21 19:37:05.831,169.32,1.135346,buy,296500192
'2025-05-21 19:37:05.832,169.33,6.473914,buy,296500193
'2025-05-21 19:37:06.871,169.35,3.75633,buy,296500195
'2025-05-21 19:37:06.952,169.37,0.48654,buy,296500198
'2025-05-21 19:37:06.996,169.39,1.771479,buy,296500199
'2025-05-21 19:37:07.383,169.39,0.296076,buy,296500200
'2025-05-21 19:37:07.383,169.4,2.974258,buy,296500227
'2025-05-21 19:37:07.383,169.4,26.511696,buy,296500228
'2025-05-21 19:37:07.383,169.4,72.29,buy,296500229
'2025-05-21 19:37:07.383,169.4,10.17,buy,296500230
'2025-05-21 19:37:07.384,169.4,16.986836,buy,296500231
'2025-05-21 19:37:07.385,169.4,11.901916,buy,296500232
'2025-05-21 19:37:07.385,169.4,7.172748,buy,296500233
'2025-05-21 19:37:07.385,169.4,18.705635,buy,296500237
'2025-05-21 19:37:07.385,169.41,0.948071,buy,296500252
'2025-05-21 19:37:07.387,169.42,4.262751,buy,296500308
'2025-05-21 19:37:07.388,169.42,7.889451,buy,296500309
'2025-05-21 19:37:07.393,169.42,0.749059,buy,296500311
'2025-05-21 19:37:07.393,169.42,0.22326,buy,296500312
'2025-05-21 19:37:07.393,169.43,4.967161,buy,296500324
'2025-05-21 19:37:07.396,169.44,0.945476,buy,296500355
'2025-05-21 19:37:07.397,169.44,17.450161,buy,296500358
'2025-05-21 19:37:07.397,169.45,4.693081,buy,296500382
'2025-05-21 19:37:07.398,169.45,2.092243,buy,296500383
'2025-05-21 19:37:07.401,169.46,4.487552,buy,296500394
'2025-05-21 19:37:07.405,169.46,10.294622,buy,296500396
'2025-05-21 19:37:07.438,169.46,0.29819,sell,296500397
'2025-05-21 19:37:07.443,169.46,0.29819,sell,296500398
'2025-05-21 19:37:07.479,169.47,2,buy,296500416
'2025-05-21 19:37:07.496,169.47,0.014161,buy,296500417
'2025-05-21 19:37:07.561,169.46,0.059094,sell,296500418
'2025-05-21 19:37:07.894,169.46,2.62,sell,296500421
'2025-05-21 19:37:07.903,169.46,0.002053,sell,296500422
'2025-05-21 19:37:08.150,169.44,2.15,sell,296500424
'2025-05-21 19:37:08.482,169.44,0.146579,sell,296500425
'2025-05-21 19:37:09.445,169.41,0.69,sell,296500428
'2025-05-21 19:37:09.716,169.42,2.096454,buy,296500430
'2025-05-21 19:37:09.792,169.44,27.645539,sell,296500435
'2025-05-21 19:37:09.792,169.43,14.084748,sell,296500438
'2025-05-21 19:37:09.995,169.43,2.950984,sell,296500439
'2025-05-21 19:37:11.055,169.42,1.08905,buy,296500441
'2025-05-21 19:37:11.560,169.45,2.275382,buy,296500445
'2025-05-21 19:37:13.078,169.45,1.439525,buy,296500447
'2025-05-21 19:37:13.083,169.46,0.06,buy,296500448
'2025-05-21 19:37:13.084,169.46,0.004913,buy,296500449
'2025-05-21 19:37:13.393,169.48,3.921804,buy,296500465
'2025-05-21 19:37:15.221,169.48,1.34,buy,296500466
'2025-05-21 19:37:15.445,169.48,0.02,sell,296500467
'2025-05-21 19:37:15.699,169.49,0.001003,buy,296500468
'2025-05-21 19:37:16.433,169.48,36.9,buy,296500471
'2025-05-21 19:37:16.865,169.49,63.870375,buy,296500493
'2025-05-21 19:37:16.870,169.5,4,buy,296500539
'2025-05-21 19:37:16.870,169.5,6,buy,296500540
'2025-05-21 19:37:16.870,169.5,2.30029,buy,296500541
'2025-05-21 19:37:16.870,169.5,8,buy,296500542
'2025-05-21 19:37:16.870,169.5,14,buy,296500571
'2025-05-21 19:37:16.871,169.5,4.57248,buy,296500572
'2025-05-21 19:37:16.873,169.5,0.000004,buy,296500573
'2025-05-21 19:37:17.444,169.5,0.15,sell,296500574
'2025-05-21 19:37:17.482,169.51,0.087975,buy,296500580
'2025-05-21 19:37:17.827,169.51,0.826601,buy,296500587
'2025-05-21 19:37:17.914,169.51,0.10481,sell,296500588
'2025-05-21 19:37:17.919,169.51,0.09847,sell,296500589
'2025-05-21 19:37:17.936,169.51,0.113107,sell,296500590
'2025-05-21 19:37:17.979,169.51,0.072804,sell,296500591
'2025-05-21 19:37:18.483,169.51,0.648929,sell,296500592
'2025-05-21 19:37:18.483,169.5,0.001,sell,296500593
'2025-05-21 19:37:18.584,169.49,0.249064,sell,296500594
'2025-05-21 19:37:18.939,169.5,0.098406,buy,296500596
'2025-05-21 19:37:18.939,169.51,0.048219,buy,296500597
'2025-05-21 19:37:19.501,169.5,0.150489,sell,296500598
'2025-05-21 19:37:19.580,169.5,1.196164,sell,296500601
'2025-05-21 19:37:21.750,169.48,30.434379,sell,296500603
'2025-05-21 19:37:21.953,169.46,0.29819,buy,296500604
'2025-05-21 19:37:23.625,169.48,0.118589,buy,296500606
'2025-05-21 19:37:24.356,169.49,0.3,sell,296500607
'2025-05-21 19:37:25.288,169.49,1.652015,sell,296500608
'2025-05-21 19:37:26.931,169.46,0.605369,sell,296500610
'2025-05-21 19:37:26.947,169.45,1.012543,sell,296500613
'2025-05-21 19:37:27.380,169.43,0.44661,sell,296500614
'2025-05-21 19:37:28.075,169.43,29.701251,buy,296500618
'2025-05-21 19:37:31.451,169.44,20.8315,buy,296500621
'2025-05-21 19:37:31.458,169.45,0.001,buy,296500622
'2025-05-21 19:37:31.460,169.46,0.215787,buy,296500623
'2025-05-21 19:37:32.014,169.47,0.41,sell,296500624
'2025-05-21 19:37:33.848,169.48,1.002367,buy,296500627
'2025-05-21 19:37:34.860,169.47,0.099523,sell,296500628
'2025-05-21 19:37:34.860,169.46,0.146482,sell,296500630
'2025-05-21 19:37:36.681,169.45,0.309526,sell,296500632
'2025-05-21 19:37:36.881,169.43,5.459131,buy,296500634
'2025-05-21 19:37:36.881,169.43,5.459131,buy,296500636
'2025-05-21 19:37:36.881,169.43,5.459131,buy,296500637
'2025-05-21 19:37:36.881,169.43,5.459131,buy,296500640
'2025-05-21 19:37:36.881,169.43,5.459131,buy,296500644
'2025-05-21 19:37:36.881,169.43,5.459131,buy,296500646
'2025-05-21 19:37:36.881,169.43,5.459131,buy,296500647
'2025-05-21 19:37:36.881,169.43,5.459131,buy,296500648
'2025-05-21 19:37:36.881,169.43,5.459131,buy,296500649
'2025-05-21 19:37:36.881,169.43,5.459131,buy,296500651
'2025-05-21 19:37:36.881,169.43,5.459131,buy,296500652
'2025-05-21 19:37:36.881,169.43,2.393154,buy,296500653
'2025-05-21 19:37:36.881,169.44,3.065977,buy,296500654
'2025-05-21 19:37:36.881,169.44,5.459131,buy,296500655
'2025-05-21 19:37:36.881,169.44,5.459131,buy,296500656
'2025-05-21 19:37:36.881,169.44,5.459131,buy,296500657
'2025-05-21 19:37:36.881,169.44,4.82663,buy,296500658
'2025-05-21 19:37:36.881,169.45,0.632501,buy,296500659
'2025-05-21 19:37:39.004,169.43,0.05,buy,296500660
'2025-05-21 19:37:40.527,169.42,1.613861,sell,296500663
'2025-05-21 19:37:41.705,169.41,0.266142,sell,296500666
'2025-05-21 19:37:41.707,169.4,46.676153,sell,296500669
'2025-05-21 19:37:42.681,169.39,0.29815,sell,296500670
'2025-05-21 19:37:42.919,169.39,0.00153,sell,296500672
'2025-05-21 19:37:43.594,169.37,0.308058,sell,296500674
'2025-05-21 19:37:43.668,169.36,0.060876,buy,296500675
'2025-05-21 19:37:43.815,169.36,0.29819,buy,296500676
'2025-05-21 19:37:43.815,169.36,25.88181,buy,296500678
'2025-05-21 19:37:43.815,169.37,24.021942,buy,296500679
'2025-05-21 19:37:43.817,169.38,24.58,buy,296500680
'2025-05-21 19:37:43.818,169.39,8.043311,buy,296500681
'2025-05-21 19:37:43.818,169.39,0.007053,buy,296500682
'2025-05-21 19:37:43.818,169.4,37.486427,buy,296500687
'2025-05-21 19:37:43.818,169.41,0.29819,buy,296500688
'2025-05-21 19:37:43.818,169.41,2,buy,296500689
'2025-05-21 19:37:43.820,169.41,1.95217,buy,296500690
'2025-05-21 19:37:43.820,169.41,0.011543,buy,296500691
'2025-05-21 19:37:43.825,169.42,24.938286,buy,296500694
'2025-05-21 19:37:45.293,169.43,0.003779,buy,296500695
'2025-05-21 19:37:45.293,169.45,0.012543,buy,296500697
'2025-05-21 19:37:45.293,169.47,0.160702,buy,296500698
'2025-05-21 19:37:49.136,169.48,0.16232,buy,296500700
'2025-05-21 19:37:49.138,169.49,1,buy,296500701
'2025-05-21 19:37:49.138,169.5,0.170909,buy,296500704
'2025-05-21 19:37:49.138,169.51,51.92789,buy,296500710
'2025-05-21 19:37:49.138,169.52,34.231624,buy,296500735
'2025-05-21 19:37:49.139,169.52,6.177849,buy,296500736
'2025-05-21 19:37:49.139,169.53,29.204043,buy,296500752
'2025-05-21 19:37:49.143,169.54,0.001,buy,296500753
'2025-05-21 19:37:49.143,169.54,0.82314,buy,296500758
'2025-05-21 19:37:49.148,169.54,3.137902,buy,296500775
'2025-05-21 19:37:49.149,169.54,4.086786,buy,296500776
'2025-05-21 19:37:49.149,169.54,2.060513,buy,296500777
'2025-05-21 19:37:49.154,169.54,0.29819,sell,296500778
'2025-05-21 19:37:49.158,169.55,14.847251,buy,296500799
'2025-05-21 19:37:49.161,169.56,4.508908,buy,296500807
'2025-05-21 19:37:49.161,169.57,12.774039,buy,296500814
'2025-05-21 19:37:49.173,169.57,1.79405,buy,296500820
'2025-05-21 19:37:49.206,169.56,0.095508,sell,296500821
'2025-05-21 19:37:49.206,169.57,0.011794,buy,296500822
'2025-05-21 19:37:49.232,169.56,0.002268,sell,296500823
'2025-05-21 19:37:49.246,169.56,0.002268,sell,296500824
'2025-05-21 19:37:49.252,169.56,0.174949,sell,296500825
'2025-05-21 19:37:49.254,169.56,0.172014,sell,296500826
'2025-05-21 19:37:49.255,169.56,0.029699,sell,296500827
'2025-05-21 19:37:49.266,169.56,1.573246,sell,296500829
'2025-05-21 19:37:49.272,169.57,0.353836,buy,296500830
'2025-05-21 19:37:49.276,169.56,8.987089,sell,296500833
'2025-05-21 19:37:49.286,169.55,0.001,sell,296500834
'2025-05-21 19:37:49.286,169.54,0.223706,sell,296500835
'2025-05-21 19:37:49.303,169.54,1.660731,sell,296500836
'2025-05-21 19:37:49.314,169.54,0.296974,sell,296500837
'2025-05-21 19:37:49.325,169.54,0.17268,sell,296500838
'2025-05-21 19:37:49.325,169.54,1.578133,sell,296500840
'2025-05-21 19:37:49.325,169.54,0.029646,sell,296500841
'2025-05-21 19:37:49.325,169.54,0.23776,sell,296500842
'2025-05-21 19:37:49.325,169.54,0.036244,sell,296500843
'2025-05-21 19:37:49.424,169.54,0.344336,sell,296500844
'2025-05-21 19:37:49.424,169.54,0.048337,sell,296500845
'2025-05-21 19:37:49.543,169.55,0.001002,buy,296500846
'2025-05-21 19:37:49.663,169.55,23.670479,buy,296500851
'2025-05-21 19:37:50.466,169.54,0.22,sell,296500852
'2025-05-21 19:37:50.534,169.55,0.820478,sell,296500853
'2025-05-21 19:37:51.360,169.55,0.001,sell,296500854
'2025-05-21 19:37:51.492,169.55,0.01,sell,296500855
'2025-05-21 19:37:52.468,169.55,0.05,sell,296500856
'2025-05-21 19:37:52.901,169.55,1,sell,296500859
'2025-05-21 19:37:56.513,169.56,6.901126,buy,296500861
'2025-05-21 19:37:57.472,169.56,0.09,sell,296500862
'2025-05-21 19:37:57.644,169.57,0.294863,buy,296500863
'2025-05-21 19:37:57.973,169.57,24.58,buy,296500873
'2025-05-21 19:37:57.973,169.57,23.439992,buy,296500877
'2025-05-21 19:37:58.474,169.58,6.842742,buy,296500895
'2025-05-21 19:37:59.365,169.59,0.29819,buy,296500910
'2025-05-21 19:37:59.479,169.58,0.11,sell,296500911
'2025-05-21 19:38:00.646,169.58,9.244837,sell,296500914
'2025-05-21 19:38:03.599,169.58,0.059049,buy,296500915
'2025-05-21 19:38:03.702,169.57,3.116286,sell,296500918
'2025-05-21 19:38:03.706,169.56,8.842455,sell,296500919
'2025-05-21 19:38:03.881,169.52,18.063536,sell,296500924
'2025-05-21 19:38:03.881,169.51,9.47588,sell,296500927
'2025-05-21 19:38:03.886,169.5,14.365361,sell,296500933
'2025-05-21 19:38:05.527,169.48,0.5548,sell,296500936
'2025-05-21 19:38:05.631,169.49,0.085818,buy,296500937
'2025-05-21 19:38:05.841,169.49,0.085821,buy,296500938
'2025-05-21 19:38:06.133,169.48,0.079763,sell,296500942
'2025-05-21 19:38:06.275,169.45,0.61972,sell,296500946
'2025-05-21 19:38:06.275,169.45,0.000003,sell,296500947
'2025-05-21 19:38:07.222,169.41,0.16,sell,296500949
'2025-05-21 19:38:08.809,169.42,24.58,buy,296500955
'2025-05-21 19:38:08.809,169.42,4.659902,buy,296500956
'2025-05-21 19:38:08.809,169.43,8.851329,buy,296500957
'2025-05-21 19:38:08.814,169.45,0.330779,buy,296500960
'2025-05-21 19:38:08.816,169.46,3.152051,buy,296500962
'2025-05-21 19:38:08.817,169.47,3.998408,buy,296500963
'2025-05-21 19:38:08.818,169.47,9.35,buy,296500965
'2025-05-21 19:38:08.818,169.47,0.278925,buy,296500966
'2025-05-21 19:38:08.820,169.46,0.388573,buy,296500967
'2025-05-21 19:38:08.823,169.48,0.011543,buy,296500968
'2025-05-21 19:38:08.828,169.49,0.123535,buy,296500969
'2025-05-21 19:38:08.836,169.49,0.29819,sell,296500970
'2025-05-21 19:38:08.860,169.5,0.001,buy,296500971
'2025-05-21 19:38:08.985,169.5,8.434,sell,296500972
'2025-05-21 19:38:09.042,169.5,0.803361,buy,296500973
'2025-05-21 19:38:09.051,169.5,1.894612,buy,296500974
'2025-05-21 19:38:09.082,169.5,3.399,buy,296500976
'2025-05-21 19:38:09.727,169.49,0.01205,sell,296500977
'2025-05-21 19:38:09.863,169.5,1.179941,buy,296500979
'2025-05-21 19:38:11.917,169.52,0.011543,buy,296500980
'2025-05-21 19:38:11.917,169.53,0.166028,buy,296500981
'2025-05-21 19:38:11.917,169.54,0.0015,buy,296500982
'2025-05-21 19:38:11.917,169.55,0.14516,buy,296500983
'2025-05-21 19:38:11.918,169.55,0.324232,buy,296500984
'2025-05-21 19:38:13.183,169.54,0.029496,sell,296500985
'2025-05-21 19:38:13.465,169.55,0.125803,buy,296500986
'2025-05-21 19:38:13.856,169.54,14.94745,sell,296500990
'2025-05-21 19:38:13.864,169.53,0.318119,sell,296500991
'2025-05-21 19:38:14.394,169.51,0.27708,buy,296500993
'2025-05-21 19:38:14.394,169.51,0.000009,buy,296500994
'2025-05-21 19:38:15.010,169.52,0.035591,sell,296500995
'2025-05-21 19:38:15.309,169.53,0.61318,buy,296500997
'2025-05-21 19:38:15.309,169.55,2.123635,buy,296501001
'2025-05-21 19:38:19.610,169.54,47.802122,sell,296501004
'2025-05-21 19:38:19.613,169.53,0.001,sell,296501005
'2025-05-21 19:38:19.614,169.53,0.317115,sell,296501006
'2025-05-21 19:38:20.448,169.52,0.29819,buy,296501007
'2025-05-21 19:38:20.451,169.52,0.16223,buy,296501008
'2025-05-21 19:38:22.134,169.53,0.36826,buy,296501010
'2025-05-21 19:38:23.701,169.54,0.144734,buy,296501011
'2025-05-21 19:38:23.746,169.55,0.25,buy,296501013
'2025-05-21 19:38:23.746,169.55,0.004291,buy,296501014
'2025-05-21 19:38:23.750,169.56,0.011543,buy,296501015
'2025-05-21 19:38:23.982,169.57,0.001179,buy,296501016
'2025-05-21 19:38:24.319,169.57,1.294845,buy,296501018
'2025-05-21 19:38:24.794,169.58,0.158503,buy,296501020
'2025-05-21 19:38:24.794,169.59,0.615056,buy,296501024
'2025-05-21 19:38:24.795,169.6,12.096471,buy,296501096
'2025-05-21 19:38:24.805,169.61,5.58626,buy,296501143
'2025-05-21 19:38:25.066,169.61,0.001719,sell,296501144
'2025-05-21 19:38:26.932,169.62,0.117798,buy,296501145
'2025-05-21 19:38:27.081,169.62,1.06216,buy,296501157
'2025-05-21 19:38:27.082,169.63,3.091865,buy,296501170
'2025-05-21 19:38:27.082,169.63,4.635867,buy,296501171
'2025-05-21 19:38:27.082,169.63,2.908321,buy,296501172
'2025-05-21 19:38:27.082,169.63,2.45,buy,296501173
'2025-05-21 19:38:27.082,169.63,3.009338,buy,296501174
'2025-05-21 19:38:27.083,169.64,4.035304,buy,296501198
'2025-05-21 19:38:27.083,169.65,5.797626,buy,296501213
'2025-05-21 19:38:27.092,169.66,3.964879,buy,296501242
'2025-05-21 19:38:27.182,169.67,4.86832,buy,296501261
'2025-05-21 19:38:27.198,169.67,0.155183,buy,296501262
'2025-05-21 19:38:27.232,169.67,0.080641,sell,296501263
'2025-05-21 19:38:27.295,169.67,0.054728,sell,296501264
'2025-05-21 19:38:27.299,169.67,0.06398,sell,296501265
'2025-05-21 19:38:27.302,169.68,6.612608,buy,296501288
'2025-05-21 19:38:27.314,169.68,14.32994,sell,296501292
'2025-05-21 19:38:27.488,169.69,23.955083,buy,296501314
'2025-05-21 19:38:27.491,169.69,0.77,sell,296501316
'2025-05-21 19:38:27.564,169.7,8.515557,buy,296501350
'2025-05-21 19:38:28.124,169.71,46.767035,buy,296501382
'2025-05-21 19:38:28.795,169.71,1.112982,sell,296501384
'2025-05-21 19:38:28.810,169.71,0.176772,buy,296501385
'2025-05-21 19:38:29.027,169.71,9.38153,buy,296501387
'2025-05-21 19:38:29.093,169.72,2.94,buy,296501403
'2025-05-21 19:38:29.106,169.72,0.04419,buy,296501404
'2025-05-21 19:38:29.302,169.72,15.183502,buy,296501407
'2025-05-21 19:38:29.489,169.72,0.22,sell,296501408
'2025-05-21 19:38:29.811,169.73,0.001,buy,296501409
'2025-05-21 19:38:29.855,169.73,1.296173,buy,296501430
'2025-05-21 19:38:29.856,169.74,0.41,buy,296501443
'2025-05-21 19:38:29.856,169.74,8.35,buy,296501444
'2025-05-21 19:38:29.856,169.74,3.43,buy,296501445
'2025-05-21 19:38:29.856,169.74,29.12,buy,296501446
'2025-05-21 19:38:29.857,169.74,2.514424,buy,296501447
'2025-05-21 19:38:29.857,169.74,12.879131,buy,296501448
'2025-05-21 19:38:29.857,169.74,4.282198,buy,296501449
'2025-05-21 19:38:29.857,169.74,0.87,buy,296501450
'2025-05-21 19:38:29.857,169.74,3.316718,buy,296501451
'2025-05-21 19:38:30.770,169.75,5.42,buy,296501459
'2025-05-21 19:38:30.772,169.75,0.883084,buy,296501482
'2025-05-21 19:38:30.772,169.76,0.752936,buy,296501501
'2025-05-21 19:38:30.778,169.76,14.025577,sell,296501506
'2025-05-21 19:38:30.778,169.75,46.75097,sell,296501511
'2025-05-21 19:38:30.977,169.76,0.140724,sell,296501512
'2025-05-21 19:38:31.488,169.76,0.3,sell,296501513
'2025-05-21 19:38:31.780,169.76,0.001,sell,296501514
'2025-05-21 19:38:31.786,169.76,0.063801,sell,296501515
'2025-05-21 19:38:31.853,169.75,0.001,sell,296501516
'2025-05-21 19:38:31.853,169.74,45.763079,sell,296501517
'2025-05-21 19:38:31.853,169.74,77.984495,sell,296501518
'2025-05-21 19:38:31.854,169.74,18.603779,sell,296501519
'2025-05-21 19:38:31.855,169.74,15.972496,sell,296501520
'2025-05-21 19:38:32.089,169.73,7.38153,buy,296501521
'2025-05-21 19:38:32.093,169.75,24.27046,buy,296501524
'2025-05-21 19:38:33.067,169.73,1.330544,sell,296501526
'2025-05-21 19:38:33.087,169.72,6.145941,sell,296501529
'2025-05-21 19:38:33.087,169.71,5.95,sell,296501531
'2025-05-21 19:38:33.087,169.71,0.000667,sell,296501532
'2025-05-21 19:38:33.091,169.7,5.940124,sell,296501534
'2025-05-21 19:38:33.412,169.69,0.591097,sell,296501536
'2025-05-21 19:38:33.749,169.7,9.263285,buy,296501538
'2025-05-21 19:38:38.418,169.72,13.916768,sell,296501540
'2025-05-21 19:38:38.954,169.71,59.393318,sell,296501543
'2025-05-21 19:38:39.118,169.7,0.29819,sell,296501544
'2025-05-21 19:38:39.636,169.7,0.4728,sell,296501547
'2025-05-21 19:38:39.640,169.69,4.412166,sell,296501550
'2025-05-21 19:38:39.685,169.67,0.457384,sell,296501552
'2025-05-21 19:38:40.852,169.66,0.156342,buy,296501553
'2025-05-21 19:38:41.036,169.68,0.378677,sell,296501554
'2025-05-21 19:38:41.304,169.7,0.29819,buy,296501556
'2025-05-21 19:38:41.304,169.7,1.446715,buy,296501559
'2025-05-21 19:38:41.304,169.71,0.011543,buy,296501560
'2025-05-21 19:38:41.304,169.72,15.80421,buy,296501561
'2025-05-21 19:38:41.308,169.73,6.670954,buy,296501563
'2025-05-21 19:38:41.310,169.74,1.322164,buy,296501564
'2025-05-21 19:38:43.044,169.72,28.116667,sell,296501566
'2025-05-21 19:38:43.753,169.71,19.37112,buy,296501569
'2025-05-21 19:38:44.879,169.73,2.263,buy,296501570
'2025-05-21 19:38:47.216,169.73,0.092717,buy,296501571
'2025-05-21 19:38:47.216,169.74,6.977245,buy,296501572
'2025-05-21 19:38:47.216,169.75,0.012543,buy,296501574
'2025-05-21 19:38:47.277,169.75,0.200127,sell,296501575
'2025-05-21 19:38:47.340,169.76,14.622018,buy,296501577
'2025-05-21 19:38:47.342,169.77,0.683337,buy,296501587
'2025-05-21 19:38:47.342,169.78,0.707093,buy,296501607
'2025-05-21 19:38:47.383,169.79,0.235585,buy,296501623
'2025-05-21 19:38:47.898,169.79,0.039327,buy,296501625
'2025-05-21 19:38:48.170,169.8,0.001001,buy,296501626
'2025-05-21 19:38:48.176,169.79,0.030103,sell,296501627
'2025-05-21 19:38:48.497,169.79,5.94,sell,296501630
'2025-05-21 19:38:49.025,169.78,24.58,sell,296501631
'2025-05-21 19:38:49.027,169.78,23.84526,sell,296501634
'2025-05-21 19:38:49.813,169.75,31.861372,sell,296501637
'2025-05-24 12:17:22.501,176.2,1.7,sell,298141269
'2025-05-24 12:17:22.514,176.19,0.028378,buy,298141270
'2025-05-24 12:17:22.544,176.19,0.028378,buy,298141271
'2025-05-24 12:17:22.593,176.19,0.028378,buy,298141272
'2025-05-24 12:17:22.620,176.19,0.028378,buy,298141273
'2025-05-24 12:17:23.171,176.2,0.001,buy,298141274
'2025-05-24 12:17:23.867,176.2,1.083996,sell,298141275
'2025-05-24 12:17:25.233,176.21,0.233691,buy,298141277
'2025-05-24 12:17:25.236,176.22,0.001,buy,298141278
'2025-05-24 12:17:26.942,176.23,1.767355,sell,298141280
'2025-05-24 12:17:27.006,176.21,1,sell,298141282
'2025-05-24 12:17:30.099,176.21,3.620092,sell,298141286
'2025-05-24 12:17:30.099,176.2,16,sell,298141288
'2025-05-24 12:17:30.099,176.2,0.656675,sell,298141290
'2025-05-24 12:17:30.099,176.19,7.343325,sell,298141291
'2025-05-24 12:17:30.328,176.2,3.825128,buy,298141293
'2025-05-24 12:17:31.549,176.2,2.842625,sell,298141296
'2025-05-24 12:17:31.964,176.19,0.100099,sell,298141297
'2025-05-24 12:17:32.058,176.2,0.28154,buy,298141298
'2025-05-24 12:17:32.059,176.2,0.28154,buy,298141299
'2025-05-24 12:17:32.060,176.2,1.486575,buy,298141301
'2025-05-24 12:17:32.060,176.21,1.628014,buy,298141302
'2025-05-24 12:17:32.060,176.22,0.780979,buy,298141306
'2025-05-24 12:17:32.063,176.23,0.28154,buy,298141308
'2025-05-24 12:17:32.063,176.23,0.28154,buy,298141309
'2025-05-24 12:17:32.065,176.24,1.030768,buy,298141313
'2025-05-24 12:17:32.065,176.25,19.226624,buy,298141318
'2025-05-24 12:17:32.068,176.25,0.28154,buy,298141319
'2025-05-24 12:17:32.068,176.25,0.28154,buy,298141320
'2025-05-24 12:17:32.069,176.25,31.5446,buy,298141322
'2025-05-24 12:17:32.070,176.26,21.552978,buy,298141327
'2025-05-24 12:17:32.072,176.27,4.004189,buy,298141332
'2025-05-24 12:17:32.072,176.28,8.688811,buy,298141337
'2025-05-24 12:17:32.072,176.28,11.930993,buy,298141338
'2025-05-24 12:17:32.072,176.29,38.941047,buy,298141341
'2025-05-24 12:17:32.072,176.3,61.02702,buy,298141351
'2025-05-24 12:17:32.072,176.31,44.270965,buy,298141359
'2025-05-24 12:17:32.072,176.32,78.665228,buy,298141364
'2025-05-24 12:17:32.077,176.33,12.693,buy,298141366
'2025-05-24 12:17:32.077,176.33,58.386549,buy,298141377
'2025-05-24 12:17:32.078,176.34,0.849,buy,298141378
'2025-05-24 12:17:32.081,176.34,12.693,buy,298141382
'2025-05-24 12:17:32.082,176.33,3.4961,sell,298141383
'2025-05-24 12:17:32.082,176.33,0.05671,sell,298141384
'2025-05-24 12:17:32.085,176.33,0.627106,sell,298141385
'2025-05-24 12:17:32.086,176.33,0.28154,sell,298141386
'2025-05-24 12:17:32.086,176.33,0.28154,sell,298141387
'2025-05-24 12:17:32.087,176.33,1.50037,sell,298141388
'2025-05-24 12:17:32.091,176.33,2.827592,sell,298141389
'2025-05-24 12:17:32.113,176.33,0.566359,sell,298141390
'2025-05-24 12:17:32.119,176.33,5.24283,sell,298141391
'2025-05-24 12:17:32.125,176.33,1.864443,sell,298141392
'2025-05-24 12:17:32.126,176.33,2.612522,sell,298141393
'2025-05-24 12:17:32.131,176.33,3,sell,298141394
'2025-05-24 12:17:32.147,176.33,2.8269,sell,298141395
'2025-05-24 12:17:32.149,176.33,0.001,sell,298141396
'2025-05-24 12:17:32.149,176.33,17.55,sell,298141397
'2025-05-24 12:17:32.152,176.33,17.55,sell,298141398
'2025-05-24 12:17:32.191,176.34,1.13,buy,298141399
'2025-05-24 12:17:32.195,176.33,151.390658,sell,298141400
'2025-05-24 12:17:32.212,176.33,3.696781,sell,298141401
'2025-05-24 12:17:32.212,176.32,14.581219,sell,298141402
'2025-05-24 12:17:32.261,176.32,46.457027,sell,298141404
'2025-05-24 12:17:32.305,176.31,0.050309,buy,298141405
'2025-05-24 12:17:33.448,176.31,1.309937,sell,298141407
'2025-05-24 12:17:33.711,176.32,28.297794,sell,298141410
'2025-05-24 12:17:34.342,176.33,0.233588,buy,298141412
'2025-05-24 12:17:34.342,176.33,2.276901,sell,298141414
'2025-05-24 12:17:36.234,176.34,0.058426,sell,298141415
'2025-05-24 12:17:36.713,176.35,0.44063,buy,298141417
'2025-05-24 12:17:36.713,176.36,0.198478,buy,298141420
'2025-05-24 12:17:36.713,176.37,0.285609,buy,298141422
'2025-05-24 12:17:36.713,176.38,1.357911,buy,298141423
'2025-05-24 12:17:36.830,176.37,0.190079,sell,298141424
'2025-05-24 12:17:37.222,176.37,0.20162,sell,298141425
'2025-05-24 12:17:37.434,176.37,0.439,sell,298141426
'2025-05-24 12:17:37.451,176.37,0.810875,sell,298141427
'2025-05-24 12:17:38.790,176.35,1.21764,sell,298141429
'2025-05-24 12:17:40.154,176.33,1.39,sell,298141431
'2025-05-24 12:17:40.431,176.33,0.001674,sell,298141432
'2025-05-24 12:17:43.517,176.32,0.285836,sell,298141435
'2025-05-24 12:17:44.109,176.33,0.157681,buy,298141436
'2025-05-24 12:17:44.160,176.32,8.485983,sell,298141442
'2025-05-24 12:17:44.161,176.32,24.390566,sell,298141443
'2025-05-24 12:17:44.166,176.31,0.017433,sell,298141444
'2025-05-24 12:17:44.170,176.3,0.285108,sell,298141447
'2025-05-24 12:17:44.171,176.29,8,sell,298141449
'2025-05-24 12:17:44.251,176.29,0.001818,sell,298141450
'2025-05-24 12:17:48.370,176.3,0.235022,buy,298141453
'2025-05-24 12:17:48.997,176.31,0.153406,buy,298141454
'2025-05-24 12:17:52.912,176.3,0.002828,sell,298141455
'2025-05-24 12:17:54.721,176.3,4.095568,sell,298141461
'2025-05-24 12:17:55.048,176.31,0.310152,buy,298141463
'2025-05-24 12:17:55.050,176.32,0.001,buy,298141464
'2025-05-24 12:17:55.454,176.32,0.649054,buy,298141467
'2025-05-24 12:17:55.915,176.33,0.119716,sell,298141468
'2025-05-24 12:17:56.340,176.34,0.117953,buy,298141469
'2025-05-24 12:17:57.004,176.34,0.023782,buy,298141470
'2025-05-24 12:17:58.585,176.34,1.023892,sell,298141472
'2025-05-24 12:17:59.303,176.34,1.7,sell,298141473
'2025-05-24 12:17:59.352,176.33,8.140053,sell,298141474
'2025-05-24 12:17:59.353,176.33,5.409641,sell,298141476
'2025-05-24 12:17:59.353,176.33,0.43,sell,298141477
'2025-05-24 12:17:59.354,176.33,0.228017,sell,298141479
'2025-05-24 12:17:59.395,176.32,4.141642,sell,298141483
'2025-05-24 12:17:59.443,176.3,1.84,sell,298141486
'2025-05-24 12:17:59.444,176.3,0.05,sell,298141487
'2025-05-24 12:17:59.452,176.3,0.002784,sell,298141488
'2025-05-24 12:17:59.518,176.29,1.52,sell,298141489
'2025-05-24 12:17:59.518,176.29,0.19,sell,298141490
'2025-05-24 12:17:59.518,176.29,1.692065,sell,298141491
'2025-05-24 12:17:59.802,176.28,1.396529,sell,298141494
'2025-05-24 12:18:04.561,176.3,0.055944,sell,298141495
'2025-05-24 12:18:04.846,176.31,0.090205,buy,298141496
'2025-05-24 12:18:06.198,176.32,0.72,buy,298141500
'2025-05-24 12:18:06.198,176.32,0.002347,buy,298141501
'2025-05-24 12:18:06.199,176.33,0.28,buy,298141503
'2025-05-24 12:18:06.199,176.33,0.004107,buy,298141504
'2025-05-24 12:18:10.389,176.35,0.92092,buy,298141505
'2025-05-24 12:18:13.077,176.35,0.047349,buy,298141506
'2025-05-24 12:18:17.825,176.35,0.223479,buy,298141508
'2025-05-24 12:18:17.830,176.36,0.20696,buy,298141512
'2025-05-24 12:18:17.832,176.36,0.000003,buy,298141513
'2025-05-24 12:18:18.396,176.38,3.44852,buy,298141515
'2025-05-24 12:18:19.012,176.38,0.025031,buy,298141516
'2025-05-24 12:18:23.028,176.38,3.255184,buy,298141518
'2025-05-24 12:18:24.656,176.4,0.354929,buy,298141522
'2025-05-24 12:18:24.662,176.41,0.150777,buy,298141523
'2025-05-24 12:18:24.996,176.42,0.001209,buy,298141524
'2025-05-24 12:18:25.104,176.44,0.71,buy,298141528
'2025-05-24 12:18:25.105,176.44,0.002668,buy,298141529
'2025-05-24 12:18:25.112,176.45,0.019496,buy,298141532
'2025-05-24 12:18:25.814,176.47,0.00402,buy,298141533
'2025-05-24 12:18:26.064,176.48,0.4956,buy,298141538
'2025-05-24 12:18:28.305,176.5,0.49,buy,298141543
'2025-05-24 12:18:28.305,176.5,0.001593,buy,298141544
'2025-05-24 12:18:28.316,176.51,0.205122,sell,298141545
'2025-05-24 12:18:35.717,176.51,1.708916,sell,298141547
'2025-05-24 12:18:36.156,176.5,1.7,sell,298141548
'2025-05-24 12:18:37.613,176.49,2.11116,sell,298141553
'2025-05-24 12:18:37.663,176.48,2.29108,sell,298141557
'2025-05-24 12:18:37.669,176.49,2,buy,298141558
'2025-05-24 12:18:37.701,176.48,0.000001,sell,298141559
'2025-05-24 12:18:37.715,176.47,15.291334,sell,298141560
'2025-05-24 12:18:37.716,176.47,1.85,sell,298141561
'2025-05-24 12:18:37.716,176.47,11.645346,sell,298141562
'2025-05-24 12:18:37.717,176.47,9.575336,sell,298141563
'2025-05-24 12:18:37.718,176.47,0.78,sell,298141564
'2025-05-24 12:18:37.718,176.47,0.92,sell,298141565
'2025-05-24 12:18:37.726,176.46,0.69,sell,298141566
'2025-05-24 12:18:37.729,176.46,1,sell,298141567
'2025-05-24 12:18:37.732,176.46,0.01,sell,298141568
'2025-05-24 12:18:41.594,176.45,0.39586,sell,298141573
'2025-05-24 12:18:41.817,176.44,1.88488,sell,298141577
'2025-05-24 12:18:41.823,176.44,0.315842,sell,298141578
'2025-05-24 12:18:41.924,176.42,1.694105,sell,298141581
'2025-05-24 12:18:42.820,176.43,0.233857,buy,298141583
'2025-05-24 12:18:43.273,176.44,0.19,sell,298141584
'2025-05-24 12:18:43.273,176.44,1.51,sell,298141585
'2025-05-24 12:18:46.543,176.44,0.023512,buy,298141586
'2025-05-24 12:18:48.680,176.44,57.243093,buy,298141594
'2025-05-24 12:18:48.682,176.45,30.159468,buy,298141597
'2025-05-24 12:18:50.554,176.45,0.900518,sell,298141599
'2025-05-24 12:18:50.555,176.43,0.094006,sell,298141600
'2025-05-24 12:18:50.561,176.42,15.536928,sell,298141603
'2025-05-24 12:18:51.695,176.41,0.763506,sell,298141606
'2025-05-24 12:18:51.703,176.4,0.35589,sell,298141611
'2025-05-24 12:18:51.745,176.4,1.84273,sell,298141613
'2025-05-24 12:18:51.764,176.4,1.7,sell,298141614
'2025-05-24 12:18:51.766,176.39,0.28,sell,298141616
'2025-05-24 12:18:51.768,176.39,0.004105,sell,298141617
'2025-05-24 12:18:51.781,176.37,0.28154,buy,298141618
'2025-05-24 12:18:53.931,176.36,0.079522,sell,298141620
'2025-05-24 12:18:55.181,176.38,33.982885,sell,298141625
'2025-05-24 12:18:55.184,176.36,30.55306,sell,298141630
'2025-05-24 12:18:55.186,176.35,0.286125,sell,298141634
'2025-05-24 12:18:55.187,176.34,0.150777,sell,298141635
'2025-05-24 12:18:55.187,176.33,7.849223,sell,298141639
'2025-05-24 12:18:55.188,176.33,3.098622,sell,298141640
'2025-05-24 12:18:55.191,176.32,16,sell,298141646
'2025-05-24 12:18:55.191,176.32,0.824486,sell,298141647
'2025-05-24 12:18:55.191,176.32,9.201766,sell,298141649
'2025-05-24 12:18:55.192,176.32,1.208299,sell,298141650
'2025-05-24 12:18:55.192,176.31,0.906125,sell,298141654
'2025-05-24 12:18:55.200,176.3,3.09874,sell,298141656
'2025-05-24 12:18:55.200,176.3,0.307318,sell,298141659
'2025-05-24 12:18:55.202,176.29,10.415928,sell,298141665
'2025-05-24 12:18:55.203,176.29,0.97,sell,298141666
'2025-05-24 12:18:55.203,176.29,2.19,sell,298141667
'2025-05-24 12:18:55.203,176.29,0.61,sell,298141668
'2025-05-24 12:18:55.206,176.3,0.28154,buy,298141669
'2025-05-24 12:18:55.208,176.29,14.605353,sell,298141670
'2025-05-24 12:18:55.214,176.29,2.223112,sell,298141671
'2025-05-24 12:18:55.217,176.3,0.28154,buy,298141672
'2025-05-24 12:18:55.229,176.29,1.7,sell,298141673
'2025-05-24 12:18:55.229,176.28,0.182176,sell,298141676
'2025-05-24 12:18:55.229,176.27,1.522824,sell,298141679
'2025-05-24 12:18:55.264,176.27,0.312,sell,298141680
'2025-05-24 12:18:55.313,176.27,2,sell,298141683
'2025-05-24 12:18:55.553,176.27,0.28154,sell,298141684
'2025-05-24 12:18:55.822,176.27,0.27846,sell,298141685
'2025-05-24 12:18:56.260,176.25,1.42,sell,298141689
'2025-05-24 12:18:56.266,176.25,0.001574,sell,298141690
'2025-05-24 12:18:56.644,176.24,0.62288,sell,298141696
'2025-05-24 12:18:57.500,176.24,11.26895,buy,298141699
'2025-05-24 12:18:57.512,176.25,0.001,buy,298141700
'2025-05-24 12:18:57.646,176.26,0.234049,buy,298141702
'2025-05-24 12:18:57.647,176.28,17.309643,buy,298141707
'2025-05-24 12:18:58.458,176.29,3.59634,buy,298141709
'2025-05-24 12:18:58.462,176.3,0.001,buy,298141710
'2025-05-24 12:18:58.941,176.31,0.393282,buy,298141713
'2025-05-24 12:19:00.886,176.32,3.883067,buy,298141718
'2025-05-24 12:19:01.807,176.34,0.613316,buy,298141722
'2025-05-24 12:19:01.807,176.35,0.009467,buy,298141724
'2025-05-24 12:19:01.807,176.36,0.157836,buy,298141726
'2025-05-24 12:19:02.196,176.35,0.141327,buy,298141727
'2025-05-24 12:19:02.202,176.36,0.32,buy,298141731
'2025-05-24 12:19:02.202,176.36,0.004746,buy,298141732
'2025-05-24 12:19:02.203,176.38,13.259783,buy,298141734
'2025-05-24 12:19:02.208,176.38,0.476726,sell,298141735
'2025-05-24 12:19:03.775,176.4,0.28154,buy,298141740
'2025-05-24 12:19:03.775,176.4,31.554385,buy,298141743
'2025-05-24 12:19:03.780,176.4,26.41,buy,298141744
'2025-05-24 12:19:03.780,176.41,28.488325,buy,298141746
'2025-05-24 12:19:03.780,176.42,31.739199,buy,298141748
'2025-05-24 12:19:03.780,176.43,15.068497,buy,298141753
'2025-05-24 12:19:06.414,176.44,2.893708,buy,298141757
'2025-05-24 12:19:06.839,176.44,5.615459,sell,298141761
'2025-05-24 12:19:06.880,176.43,3.058853,sell,298141763
'2025-05-24 12:19:06.880,176.43,0.383479,sell,298141765
'2025-05-24 12:19:06.900,176.41,0.284105,sell,298141767
'2025-05-24 12:19:07.080,176.41,0.001,sell,298141768
'2025-05-24 12:19:09.997,176.41,1.088999,sell,298141770
'2025-05-24 12:19:09.997,176.4,0.545832,sell,298141775
'2025-05-24 12:19:09.997,176.39,8.79057,sell,298141779
'2025-05-24 12:19:09.997,176.39,2.265575,sell,298141780
'2025-05-24 12:19:09.998,176.38,1.95057,sell,298141781
'2025-05-24 12:19:13.932,176.39,0.150316,buy,298141782
'2025-05-24 12:19:20.090,176.39,0.006427,sell,298141783
'2025-05-24 12:19:22.110,176.4,2.899158,buy,298141787
'2025-05-24 12:19:22.110,176.41,13.384599,buy,298141788
'2025-05-24 12:19:22.110,176.41,6.460283,buy,298141789
'2025-05-24 12:19:22.110,176.41,8.492666,buy,298141790
'2025-05-24 12:19:22.170,176.42,0.232401,buy,298141792
'2025-05-24 12:19:23.066,176.44,0.557169,buy,298141796
'2025-05-24 12:19:23.074,176.45,2.47,buy,298141801
'2025-05-24 12:19:23.150,176.46,0.1998,buy,298141802
'2025-05-24 12:19:23.171,176.47,0.00402,buy,298141803
'2025-05-24 12:19:24.268,176.48,2.697869,buy,298141809
'2025-05-24 12:19:24.772,176.5,22.750106,buy,298141816
'2025-05-24 12:19:31.977,176.51,4.139192,sell,298141819
'2025-05-24 12:19:31.980,176.5,0.001,sell,298141820
'2025-05-24 12:19:31.985,176.49,1.92,sell,298141821
'2025-05-24 12:19:34.542,176.49,0.246401,buy,298141822
'2025-05-24 12:19:39.310,176.49,0.013598,buy,298141823
'2025-05-24 12:19:40.771,176.49,1.740001,buy,298141824
'2025-05-24 12:19:40.772,176.5,3.457684,buy,298141827
'2025-05-24 12:19:41.496,176.52,0.42,buy,298141832
'2025-05-24 12:19:42.449,176.53,0.02372,buy,298141833
'2025-05-24 12:19:43.517,176.54,0.3,buy,298141835
'2025-05-24 12:19:43.519,176.54,0.001,buy,298141836
'2025-05-24 12:19:43.577,176.55,0.15,buy,298141837
'2025-05-24 12:19:43.577,176.55,0.002997,buy,298141840
'2025-05-24 12:19:44.728,176.56,0.475679,buy,298141845
'2025-05-24 12:19:44.728,176.57,0.001188,buy,298141846
'2025-05-24 12:19:44.730,176.58,0.28,buy,298141848
'2025-05-24 12:19:44.730,176.58,0.004101,buy,298141849
'2025-05-24 12:19:44.789,176.58,0.215063,sell,298141850
'2025-05-24 12:19:44.790,176.58,0.196527,sell,298141851
'2025-05-24 12:19:46.084,176.59,0.158572,buy,298141853
'2025-05-24 12:19:46.084,176.6,0.145326,buy,298141855
'2025-05-24 12:19:46.294,176.59,0.065141,sell,298141856
'2025-05-24 12:19:47.023,176.6,0.062185,buy,298141860
'2025-05-24 12:19:47.267,176.59,2.390981,sell,298141861
'2025-05-24 12:19:48.320,176.59,3.929142,sell,298141865
'2025-05-24 12:19:49.897,176.59,1.916413,sell,298141867
'2025-05-24 12:19:50.173,176.59,1.796352,sell,298141869
'2025-05-24 12:19:50.663,176.59,2.745764,sell,298141873
'2025-05-24 12:19:50.744,176.59,0.498631,sell,298141874
'2025-05-24 12:19:51.536,176.6,4.093073,buy,298141880
'2025-05-24 12:19:52.117,176.59,1.532376,sell,298141881
'2025-05-24 12:19:52.449,176.59,1.674476,sell,298141882
'2025-05-24 12:19:55.957,176.61,0.23139,buy,298141887
'2025-05-24 12:19:56.662,176.62,0.286291,buy,298141890
'2025-05-24 12:19:58.853,176.61,0.234688,sell,298141892
'2025-05-24 12:19:59.439,176.61,0.015627,buy,298141894
'2025-05-24 12:20:01.307,176.6,3.487255,sell,298141901
'2025-05-24 12:20:01.312,176.59,0.239552,sell,298141903
'2025-05-24 12:20:01.839,176.59,0.253107,buy,298141904
'2025-05-24 12:20:03.523,176.58,0.122466,sell,298141905
'2025-05-24 12:20:03.710,176.58,0.199798,sell,298141906
'2025-05-24 12:20:03.901,176.59,0.0172,buy,298141907
'2025-05-24 12:20:03.903,176.59,0.0978,buy,298141908
'2025-05-24 12:20:06.034,176.58,3.416217,sell,298141912
'2025-05-24 12:20:08.096,176.56,3.32,sell,298141918
'2025-05-24 12:20:08.097,176.56,0.109138,sell,298141920
'2025-05-24 12:20:10.481,176.55,0.50095,sell,298141924
'2025-05-24 12:20:10.492,176.55,0.000008,sell,298141925
'2025-05-24 12:20:12.216,176.55,22.651339,buy,298141931
'2025-05-24 12:20:12.298,176.55,0.448475,buy,298141933
'2025-05-24 12:20:12.299,176.56,5.451599,buy,298141934
'2025-05-24 12:20:12.299,176.56,3.315079,buy,298141936
'2025-05-24 12:20:12.300,176.56,0.079198,buy,298141937
'2025-05-24 12:20:12.300,176.56,1.325674,buy,298141938
'2025-05-24 12:20:12.300,176.56,2.87,buy,298141939
'2025-05-24 12:20:12.300,176.56,25.61,buy,298141944
'2025-05-24 12:20:12.300,176.56,0.656558,buy,298141945
'2025-05-24 12:20:12.300,176.56,0.767935,buy,298141946
'2025-05-24 12:20:12.302,176.56,2.138396,buy,298141947
'2025-05-24 12:20:12.302,176.56,5.909177,buy,298141952
'2025-05-24 12:20:12.338,176.58,0.168895,buy,298141953
'2025-05-24 12:20:12.353,176.58,0.152567,buy,298141954
'2025-05-24 12:20:14.105,176.59,3.491081,buy,298141955
'2025-05-24 12:20:14.853,176.59,0.00315,buy,298141956
'2025-05-24 12:20:14.853,176.59,0.00315,buy,298141957
'2025-05-24 12:20:14.853,176.59,0.00315,buy,298141958
'2025-05-24 12:20:14.853,176.59,0.00315,buy,298141959
'2025-05-24 12:20:14.853,176.59,0.00315,buy,298141960
'2025-05-24 12:20:14.853,176.59,0.00315,buy,298141961
'2025-05-24 12:20:14.853,176.59,0.00315,buy,298141962
'2025-05-24 12:20:14.853,176.59,0.00315,buy,298141963
'2025-05-24 12:20:14.853,176.59,0.00315,buy,298141964
'2025-05-24 12:20:14.853,176.59,0.00315,buy,298141965
'2025-05-24 12:20:14.853,176.59,0.00315,buy,298141966
'2025-05-24 12:20:14.853,176.59,0.00315,buy,298141967
'2025-05-24 12:20:14.853,176.59,0.00315,buy,298141968
'2025-05-24 12:20:14.853,176.59,0.00315,buy,298141969
'2025-05-24 12:20:14.853,176.59,0.00315,buy,298141970
'2025-05-24 12:20:14.853,176.59,0.00315,buy,298141971
'2025-05-24 12:20:14.853,176.59,0.00315,buy,298141972
'2025-05-24 12:20:14.853,176.59,0.00315,buy,298141973
'2025-05-24 12:20:14.853,176.59,0.00315,buy,298141974
'2025-05-24 12:20:14.853,176.59,0.00315,buy,298141975
'2025-05-24 12:20:14.853,176.59,0.00315,buy,298141976
'2025-05-24 12:20:14.853,176.59,0.00315,buy,298141977
'2025-05-24 12:20:14.853,176.59,0.00315,buy,298141978
'2025-05-24 12:20:14.853,176.59,0.00315,buy,298141979
'2025-05-24 12:20:14.853,176.59,0.00315,buy,298141980
'2025-05-24 12:20:14.853,176.59,0.00315,buy,298141981
'2025-05-24 12:20:14.853,176.59,0.00315,buy,298141982
'2025-05-24 12:20:14.853,176.59,0.00315,buy,298141983
'2025-05-24 12:20:14.853,176.59,0.00315,buy,298141984
'2025-05-24 12:20:14.853,176.59,0.00315,buy,298141985
'2025-05-24 12:20:14.853,176.59,0.00315,buy,298141986
'2025-05-24 12:20:14.853,176.59,0.00315,buy,298141987
'2025-05-24 12:20:14.853,176.59,0.00315,buy,298141988
'2025-05-24 12:20:14.853,176.59,0.00315,buy,298141989
'2025-05-24 12:20:14.853,176.59,0.00315,buy,298141990
'2025-05-24 12:20:14.853,176.59,0.00315,buy,298141991
'2025-05-24 12:20:14.853,176.59,0.00315,buy,298141992
'2025-05-24 12:20:14.853,176.59,0.00315,buy,298141993
'2025-05-24 12:20:14.853,176.59,0.00315,buy,298141994
'2025-05-24 12:20:14.853,176.59,0.00315,buy,298141995
'2025-05-24 12:20:14.853,176.59,0.00315,buy,298141996
'2025-05-24 12:20:14.853,176.59,0.00315,buy,298141997
'2025-05-24 12:20:14.853,176.59,0.00315,buy,298141998
'2025-05-24 12:20:14.853,176.59,0.00315,buy,298141999
'2025-05-24 12:20:14.853,176.59,0.00315,buy,298142000
'2025-05-24 12:20:14.853,176.59,0.00315,buy,298142001
'2025-05-24 12:20:14.853,176.59,0.00315,buy,298142002
'2025-05-24 12:20:14.853,176.59,0.00315,buy,298142003
'2025-05-24 12:20:14.853,176.59,0.00315,buy,298142004
'2025-05-24 12:20:14.853,176.59,0.00315,buy,298142005
'2025-05-24 12:20:14.853,176.59,0.00315,buy,298142006
'2025-05-24 12:20:14.853,176.59,0.00315,buy,298142007
'2025-05-24 12:20:14.853,176.59,0.00315,buy,298142008
'2025-05-24 12:20:14.853,176.59,0.00315,buy,298142009
'2025-05-24 12:20:14.853,176.59,0.00315,buy,298142010
'2025-05-24 12:20:14.853,176.59,0.00315,buy,298142011
'2025-05-24 12:20:14.853,176.59,0.00315,buy,298142012
'2025-05-24 12:20:14.853,176.59,0.00315,buy,298142013
'2025-05-24 12:20:14.853,176.59,0.00315,buy,298142014
'2025-05-24 12:20:14.853,176.59,0.00315,buy,298142015
'2025-05-24 12:20:14.853,176.59,0.00315,buy,298142016
'2025-05-24 12:20:14.853,176.59,0.00315,buy,298142017
'2025-05-24 12:20:14.853,176.59,0.00315,buy,298142018
'2025-05-24 12:20:14.853,176.59,0.00315,buy,298142019
'2025-05-24 12:20:14.853,176.59,0.00315,buy,298142020
'2025-05-24 12:20:14.853,176.59,0.00315,buy,298142021
'2025-05-24 12:20:14.853,176.59,0.00315,buy,298142022
'2025-05-24 12:20:14.853,176.59,0.00315,buy,298142023
'2025-05-24 12:20:14.853,176.59,0.00315,buy,298142024
'2025-05-24 12:20:14.853,176.59,0.00315,buy,298142025
'2025-05-24 12:20:14.853,176.59,0.00315,buy,298142026
'2025-05-24 12:20:14.891,176.59,2.830378,buy,298142028
'2025-05-24 12:20:20.302,176.59,6.793658,sell,298142029
'2025-05-24 12:20:20.916,176.6,0.32,buy,298142032
'2025-05-24 12:20:20.919,176.6,0.001122,buy,298142033
'2025-05-24 12:20:21.366,176.61,0.282033,buy,298142035
'2025-05-24 12:20:25.036,176.62,0.32472,buy,298142037
'2025-05-24 12:20:25.795,176.63,0.153006,buy,298142039
'2025-05-24 12:20:25.940,176.64,0.505456,buy,298142046
'2025-05-24 12:20:26.162,176.65,0.284097,buy,298142048
'2025-05-24 12:20:27.473,176.66,0.50783,buy,298142054
'2025-05-24 12:20:28.882,176.65,0.236676,sell,298142057
'2025-05-24 12:20:28.954,176.64,3.607932,sell,298142061
'2025-05-24 12:20:28.955,176.63,0.234221,sell,298142063
'2025-05-24 12:20:28.958,176.61,0.106792,sell,298142064
'2025-05-24 12:20:28.959,176.61,0.913902,sell,298142066
'2025-05-24 12:20:28.959,176.6,4.798669,sell,298142068
'2025-05-24 12:20:28.962,176.6,0.465141,sell,298142071
'2025-05-24 12:20:29.045,176.59,1.408518,sell,298142077
'2025-05-24 12:20:30.483,176.57,0.314655,buy,298142078
'2025-05-24 12:20:32.344,176.57,0.242113,buy,298142079
'2025-05-24 12:20:37.960,176.57,0.056634,buy,298142080
'2025-05-24 12:20:38.538,176.57,4.633799,buy,298142083
'2025-05-24 12:20:38.607,176.58,4.446717,buy,298142084
'2025-05-24 12:20:38.607,176.59,9.820424,buy,298142090
'2025-05-24 12:20:44.118,176.61,0.284097,buy,298142092
'2025-05-24 12:20:44.118,176.62,7.443413,buy,298142093
'2025-05-24 12:20:44.118,176.62,22.217096,buy,298142099
'2025-05-24 12:20:44.843,176.63,0.017433,buy,298142100
'2025-05-24 12:20:44.998,176.64,0.837205,buy,298142104
'2025-05-24 12:20:46.136,176.65,0.136794,buy,298142105
'2025-05-24 12:20:47.206,176.66,0.168914,buy,298142107
'2025-05-24 12:20:49.639,176.66,76.010648,sell,298142117
'2025-05-24 12:20:49.639,176.65,81.193612,sell,298142126
'2025-05-24 12:20:49.682,176.65,9.041438,buy,298142127
'2025-05-24 12:20:49.797,176.64,13.96,sell,298142129
'2025-05-24 12:20:49.798,176.64,50.46,sell,298142139
'2025-05-24 12:20:49.798,176.64,13.618934,sell,298142140
'2025-05-24 12:20:51.832,176.64,0.306724,buy,298142141
'2025-05-24 12:20:52.856,176.64,232.69479,sell,298142163
'2025-05-24 12:20:52.856,176.63,66.042575,sell,298142169
'2025-05-24 12:20:52.856,176.62,19.33274,sell,298142173
'2025-05-24 12:20:52.856,176.61,61.27157,sell,298142182
'2025-05-24 12:20:52.856,176.6,117.188534,sell,298142191
'2025-05-24 12:20:52.856,176.59,176.534612,sell,298142204
'2025-05-24 12:20:52.856,176.58,163.405334,sell,298142216
'2025-05-24 12:20:52.856,176.57,82.582033,sell,298142226
'2025-05-24 12:20:52.856,176.56,154.243705,sell,298142239
'2025-05-24 12:20:52.856,176.55,126.562389,sell,298142254
'2025-05-24 12:20:52.856,176.54,365.831595,sell,298142267
'2025-05-24 12:20:52.856,176.53,131.780374,sell,298142277
'2025-05-24 12:20:52.856,176.52,474.056506,sell,298142287
'2025-05-24 12:20:52.856,176.51,121.440239,sell,298142300
'2025-05-24 12:20:52.856,176.5,117.69446,sell,298142312
'2025-05-24 12:20:52.856,176.49,139.478206,sell,298142323
'2025-05-24 12:20:52.856,176.48,107.449086,sell,298142334
'2025-05-24 12:20:52.856,176.47,330.826253,sell,298142348
'2025-05-24 12:20:52.856,176.46,761.05109,sell,298142358
'2025-05-24 12:20:52.856,176.45,228.378265,sell,298142367
'2025-05-24 12:20:52.856,176.44,53.643527,sell,298142377
'2025-05-24 12:20:52.856,176.43,166.958649,sell,298142385
'2025-05-24 12:20:52.856,176.42,425.412171,sell,298142391
'2025-05-24 12:20:52.856,176.41,518.861248,sell,298142399
'2025-05-24 12:20:52.856,176.4,69.515446,sell,298142408
'2025-05-24 12:20:52.856,176.39,55.044204,sell,298142414
'2025-05-24 12:20:52.856,176.38,82.013619,sell,298142419
'2025-05-24 12:20:52.856,176.37,46.854893,sell,298142427
'2025-05-24 12:20:52.856,176.36,57.815331,sell,298142436
'2025-05-24 12:20:52.856,176.35,147.584483,sell,298142444
'2025-05-24 12:20:52.862,176.64,0.017433,sell,298142445
'2025-05-24 12:20:52.862,176.64,2.24512,sell,298142446
'2025-05-24 12:20:52.862,176.64,0.00402,sell,298142447
'2025-05-24 12:20:52.862,176.64,0.017433,sell,298142448
'2025-05-24 12:20:52.862,176.64,0.001209,sell,298142449
'2025-05-24 12:20:52.863,176.64,1.210885,sell,298142450
'2025-05-24 12:20:52.863,176.62,2.830535,sell,298142451
'2025-05-24 12:20:52.863,176.61,12.942756,sell,298142452
'2025-05-24 12:20:52.863,176.61,0.017433,sell,298142453
'2025-05-24 12:20:52.863,176.61,0.017433,sell,298142454
'2025-05-24 12:20:52.863,176.6,0.17,sell,298142455
'2025-05-24 12:20:52.863,176.6,0.001188,sell,298142456
'2025-05-24 12:20:52.864,176.6,0.017433,sell,298142457
'2025-05-24 12:20:52.864,176.6,0.17,sell,298142458
'2025-05-24 12:20:52.864,176.6,0.150777,sell,298142459
'2025-05-24 12:20:52.864,176.6,0.17,sell,298142460
'2025-05-24 12:20:52.864,176.6,0.017433,sell,298142461
'2025-05-24 12:20:52.864,176.6,0.17,sell,298142462
'2025-05-24 12:20:52.864,176.61,0.150777,sell,298142463
'2025-05-24 12:20:52.865,176.61,0.17,sell,298142464
'2025-05-24 12:20:52.865,176.61,0.011045,sell,298142465
'2025-05-24 12:20:52.865,176.61,0.17,sell,298142466
'2025-05-24 12:20:52.865,176.61,0.011045,sell,298142467
'2025-05-24 12:20:52.866,176.6,0.011045,sell,298142468
'2025-05-24 12:20:52.866,176.6,0.011045,sell,298142469
'2025-05-24 12:20:52.866,176.6,0.011045,sell,298142470
'2025-05-24 12:20:52.867,176.6,0.011045,sell,298142471
'2025-05-24 12:20:52.870,176.61,4.351249,buy,298142472
'2025-05-24 12:20:52.870,176.62,23.940061,buy,298142475
'2025-05-24 12:20:52.872,176.6,29.2399,sell,298142477
'2025-05-24 12:20:52.872,176.61,2.529107,buy,298142478
'2025-05-24 12:20:52.872,176.6,0.000089,sell,298142479
'2025-05-24 12:20:52.872,176.6,22.3161,sell,298142482
'2025-05-24 12:20:52.873,176.61,1.822142,buy,298142483
'2025-05-24 12:20:52.876,176.61,22.938658,buy,298142486
'2025-05-24 12:20:52.879,176.6,15.79,sell,298142487
'2025-05-24 12:20:52.880,176.61,1.76861,buy,298142488
'2025-05-24 12:20:52.882,176.61,7.839626,buy,298142490
'2025-05-24 12:20:52.882,176.61,2.694431,buy,298142492
'2025-05-24 12:20:52.892,176.61,1.84141,buy,298142493
'2025-05-24 12:20:52.892,176.61,0.29,buy,298142494
'2025-05-24 12:20:52.894,176.61,0.322696,buy,298142495
'2025-05-24 12:20:52.903,176.62,0.28154,buy,298142496
'2025-05-24 12:20:52.911,176.61,15.06468,sell,298142500
'2025-05-24 12:20:53.002,176.61,22.54807,sell,298142505
'2025-05-24 12:20:53.558,176.6,0.28154,sell,298142507
'2025-05-24 12:20:53.560,176.6,8.3379,sell,298142511
'2025-05-24 12:20:53.578,176.59,3.317433,sell,298142514
'2025-05-24 12:20:59.258,176.59,0.990996,buy,298142515
'2025-05-24 12:21:00.163,176.58,1.278616,sell,298142524
'2025-05-24 12:21:00.163,176.57,6.699939,sell,298142525
'2025-05-24 12:21:00.164,176.57,4.539617,sell,298142526
'2025-05-24 12:21:00.503,176.56,1.537252,sell,298142531
'2025-05-24 12:21:00.557,176.55,1.241777,sell,298142535
'2025-05-24 12:21:00.563,176.54,16.27143,sell,298142537
'2025-05-24 12:21:02.338,176.54,3.300003,sell,298142540
'2025-05-24 12:21:03.080,176.53,6.904378,buy,298142541
'2025-05-24 12:21:03.702,176.52,2.85682,sell,298142545
'2025-05-24 12:21:04.029,176.52,2.324225,sell,298142547
'2025-05-24 12:21:04.434,176.51,0.641077,buy,298142549
'2025-05-24 12:21:04.437,176.53,1.973094,buy,298142551
'2025-05-24 12:21:04.607,176.55,0.001,buy,298142552
'2025-05-24 12:21:05.124,176.55,0.003204,sell,298142553
'2025-05-24 12:21:05.667,176.55,1.086796,sell,298142555
'2025-05-24 12:21:07.375,176.53,1.162767,sell,298142558
'2025-05-24 12:21:09.046,176.53,0.006571,buy,298142559
'2025-05-24 12:21:10.844,176.53,0.525074,buy,298142560
'2025-05-24 12:21:11.306,176.52,1.393037,sell,298142565
'2025-05-24 12:21:13.493,176.52,0.281572,buy,298142566
'2025-05-24 12:21:14.881,176.52,0.207471,buy,298142567
'2025-05-24 12:21:19.668,176.52,0.62769,buy,298142568
'2025-05-24 12:21:19.925,176.51,3.655338,sell,298142573
'2025-05-24 12:21:19.925,176.5,0.302526,sell,298142577
'2025-05-24 12:21:19.925,176.49,0.07012,sell,298142578
'2025-05-24 12:21:22.022,176.48,0.95,sell,298142583
'2025-05-24 12:21:22.519,176.48,3.4961,sell,298142584
'2025-05-24 12:21:22.601,176.49,0.291721,buy,298142585
'2025-05-24 12:21:24.767,176.48,3.380587,sell,298142588
'2025-05-24 12:21:24.767,176.47,0.00402,sell,298142589
'2025-05-24 12:21:24.767,176.46,1.754707,sell,298142593
'2025-05-24 12:21:26.500,176.47,3.573981,buy,298142595
'2025-05-24 12:21:26.543,176.48,0.447845,buy,298142597
'2025-05-24 12:21:27.417,176.5,0.592424,buy,298142600
'2025-05-24 12:21:27.417,176.5,3.898578,buy,298142602
'2025-05-24 12:21:27.418,176.51,0.008467,buy,298142603
'2025-05-24 12:21:27.419,176.52,0.176162,buy,298142604
'2025-05-24 12:21:27.455,176.51,0.083488,sell,298142605
'2025-05-24 12:21:27.482,176.52,0.465137,buy,298142609
'2025-05-24 12:21:27.570,176.54,9.879194,buy,298142612
'2025-05-24 12:21:41.527,176.55,0.311544,buy,298142614
'2025-05-24 12:21:43.795,176.54,0.96,sell,298142615
'2025-05-24 12:21:43.795,176.54,2.498852,sell,298142618
'2025-05-24 12:21:44.025,176.53,0.173568,buy,298142619
'2025-05-24 12:21:45.072,176.53,0.128994,buy,298142620
'2025-05-24 12:21:45.909,176.55,0.424809,buy,298142621
'2025-05-24 12:21:45.985,176.56,0.51151,buy,298142625
'2025-05-24 12:21:46.108,176.57,0.28409,buy,298142627
'2025-05-24 12:21:46.783,176.59,0.159073,buy,298142629
'2025-05-24 12:21:47.470,176.6,0.32649,buy,298142633
'2025-05-24 12:21:52.902,176.61,0.46,buy,298142636
'2025-05-24 12:21:52.909,176.61,0.002239,buy,298142637
'2025-05-24 12:21:52.912,176.61,0.000001,buy,298142638
'2025-05-24 12:21:52.934,176.61,6.32194,sell,298142641
'2025-05-24 12:21:53.133,176.61,0.011426,sell,298142642
'2025-05-24 12:21:53.958,176.62,0.107575,buy,298142643
'2025-05-24 12:21:56.275,176.61,0.011361,sell,298142644
'2025-05-24 12:21:57.179,176.61,6.176549,sell,298142647
'2025-05-24 12:21:57.180,176.61,1.21,sell,298142648
'2025-05-24 12:21:57.182,176.61,13.839136,sell,298142653
'2025-05-24 12:21:59.780,176.61,5.4961,buy,298142655
'2025-05-24 12:21:59.857,176.62,0.088,buy,298142657
'2025-05-24 12:22:00.697,176.62,0.011,buy,298142658
'2025-05-24 12:22:01.128,176.62,0.030332,buy,298142659
'2025-05-24 12:22:02.402,176.62,3.506618,sell,298142662
'2025-05-24 12:22:02.403,176.61,10.842324,sell,298142665
'2025-05-24 12:22:02.404,176.61,1.839915,sell,298142667
'2025-05-24 12:22:03.455,176.6,0.5,sell,298142668
'2025-05-24 12:22:04.441,176.6,0.14228,sell,298142669
'2025-05-24 12:22:05.471,176.61,1.090853,buy,298142671
'2025-05-24 12:22:06.932,176.63,0.28154,buy,298142674
'2025-05-24 12:22:06.932,176.63,15.080877,buy,298142677
'2025-05-24 12:22:06.936,176.64,0.621263,buy,298142682
'2025-05-24 12:22:06.941,176.65,0.001,buy,298142683
'2025-05-24 12:22:06.941,176.66,3.397486,buy,298142684
'2025-05-24 12:22:11.402,176.66,0.61,sell,298142685
'2025-05-24 14:48:03.646,176.77,1.142871,sell,298169660
'2025-05-24 14:48:03.650,176.77,0.176372,sell,298169663
'2025-05-24 14:48:03.670,176.76,0.856791,sell,298169667
'2025-05-24 14:48:03.796,176.75,0.770465,sell,298169672
'2025-05-24 14:48:03.797,176.75,0.97925,sell,298169673
'2025-05-24 14:48:03.801,176.75,2.094447,sell,298169675
'2025-05-24 14:48:03.958,176.74,3.980768,sell,298169680
'2025-05-24 14:48:03.970,176.73,0.017434,sell,298169682
'2025-05-24 14:48:03.974,176.73,0.017434,sell,298169683
'2025-05-24 14:48:03.979,176.73,0.017434,sell,298169684
'2025-05-24 14:48:06.109,176.73,1.146331,sell,298169687
'2025-05-24 14:48:06.109,176.72,0.181045,sell,298169689
'2025-05-24 14:48:09.967,176.72,0.006167,buy,298169690
'2025-05-24 14:48:24.632,176.72,0.170608,buy,298169694
'2025-05-24 14:48:25.341,176.72,0.878847,buy,298169696
'2025-05-24 14:48:29.689,176.72,43.606749,buy,298169702
'2025-05-24 14:48:30.277,176.72,6.655094,sell,298169703
'2025-05-24 14:48:30.279,176.72,4.24443,sell,298169704
'2025-05-24 14:48:30.279,176.72,5.896518,sell,298169710
'2025-05-24 14:48:30.361,176.71,1.622379,sell,298169713
'2025-05-24 14:48:30.487,176.71,52.70023,buy,298169720
'2025-05-24 14:48:32.029,176.7,0.001,sell,298169721
'2025-05-24 14:48:32.072,176.7,2.894348,sell,298169729
'2025-05-24 14:48:32.079,176.69,0.434656,sell,298169732
'2025-05-24 14:48:35.612,176.68,1.293478,sell,298169738
'2025-05-24 14:48:35.657,176.67,1.840108,sell,298169742
'2025-05-24 14:48:36.686,176.65,1.558893,sell,298169747
'2025-05-24 14:48:36.691,176.64,1.381045,sell,298169751
'2025-05-24 14:48:36.725,176.63,6.531652,sell,298169759
'2025-05-24 14:48:41.209,176.63,0.068073,buy,298169760
'2025-05-24 14:48:42.465,176.63,7.71,buy,298169761
'2025-05-24 14:48:42.465,176.63,11.167821,buy,298169763
'2025-05-24 14:48:42.468,176.64,39.546235,buy,298169768
'2025-05-24 14:48:42.468,176.64,1.64,buy,298169769
'2025-05-24 14:48:42.469,176.64,2.480493,buy,298169770
'2025-05-24 14:48:42.475,176.65,1.001,buy,298169772
'2025-05-24 14:48:42.518,176.66,0.106136,buy,298169773
'2025-05-24 14:48:42.550,176.66,0.001,buy,298169774
'2025-05-24 14:48:42.575,176.66,0.419011,buy,298169776
'2025-05-24 14:48:42.575,176.67,0.306666,buy,298169777
'2025-05-24 14:48:42.575,176.68,0.482355,buy,298169781
'2025-05-24 14:48:42.575,176.69,0.791968,buy,298169782
'2025-05-24 14:48:44.811,176.69,0.013356,buy,298169783
'2025-05-24 14:48:48.833,176.68,4.218962,sell,298169789
'2025-05-24 14:48:48.861,176.67,3.716747,sell,298169793
'2025-05-24 14:49:00.470,176.65,14.95624,sell,298169798
'2025-05-24 14:49:00.607,176.66,1,buy,298169799
'2025-05-24 14:49:00.699,176.65,3.339776,sell,298169804
'2025-05-24 14:49:03.229,176.65,0.056609,buy,298169805
'2025-05-24 14:49:04.093,176.65,14.713608,buy,298169809
'2025-05-24 14:49:04.940,176.66,0.4797,buy,298169812
'2025-05-24 14:49:05.139,176.67,3.805279,buy,298169815
'2025-05-24 14:49:05.140,176.69,2,buy,298169817
'2025-05-24 14:49:05.420,176.68,0.001,sell,298169818
'2025-05-24 14:49:05.422,176.68,3.299,sell,298169820
'2025-05-24 14:49:05.434,176.67,0.306678,sell,298169822
'2025-05-24 14:49:05.438,176.67,0.306678,sell,298169823
'2025-05-24 14:49:05.478,176.67,0.28154,sell,298169824
'2025-05-24 14:49:05.478,176.67,2.79349,sell,298169827
'2025-05-24 14:49:05.478,176.66,0.283876,sell,298169830
'2025-05-24 14:49:05.479,176.65,3.702785,sell,298169834
'2025-05-24 14:49:05.519,176.64,3.764921,sell,298169840
'2025-05-24 14:49:05.864,176.63,3.414453,sell,298169846
'2025-05-24 14:49:05.905,176.62,0.28154,sell,298169848
'2025-05-24 14:49:05.905,176.62,3.169237,sell,298169850
'2025-05-24 14:49:05.906,176.61,9.7,sell,298169851
'2025-05-24 14:49:05.908,176.6,0.828413,sell,298169858
'2025-05-24 14:49:05.994,176.6,0.28154,sell,298169859
'2025-05-24 14:49:05.997,176.6,0.80846,sell,298169861
'2025-05-24 14:49:05.999,176.59,0.1736,sell,298169863
'2025-05-24 14:49,176.57,0.001188,sell,298169864
'2025-05-24 14:49:08.775,176.57,0.098884,buy,298169865
'2025-05-24 14:49:10.865,176.57,0.60633,buy,298169866
'2025-05-24 14:49:10.869,176.59,0.590666,buy,298169868
'2025-05-24 14:49:11.101,176.6,3,buy,298169871
'2025-05-24 14:49:14.509,176.61,0.462004,buy,298169873
'2025-05-24 14:49:16.449,176.63,0.155891,buy,298169875
'2025-05-24 14:49:16.479,176.64,0.462602,buy,298169878
'2025-05-24 14:49:16.560,176.65,0.322937,buy,298169881
'2025-05-24 14:49:17.078,176.66,0.141938,buy,298169882
'2025-05-24 14:49:20.958,176.67,0.277353,buy,298169884
'2025-05-24 14:49:22.111,176.67,0.113205,buy,298169885
'2025-05-24 14:49:22.424,176.66,0.28154,sell,298169886
'2025-05-24 14:49:22.439,176.66,1.134666,sell,298169889
'2025-05-24 14:49:24.400,176.66,0.306695,buy,298169890
'2025-05-24 14:49:26.340,176.67,11.320541,buy,298169895
'2025-05-24 14:49:27.078,176.66,0.035,sell,298169896
'2025-05-24 14:49:28.052,176.66,0.232863,sell,298169897
'2025-05-24 14:50:11.295,176.69,1.861678,buy,298170007
'2025-05-24 14:50:12.615,176.69,0.565738,buy,298170008
'2025-05-24 14:50:15.086,176.69,0.893579,buy,298170009
