ts,price,size,side,trade_id
'2025-05-21 19:35:38.333,14.073,1.0373,buy,70507606
'2025-05-21 19:35:41.445,14.073,1.627,buy,70507607
'2025-05-21 19:35:41.445,14.074,29.777,buy,70507608
'2025-05-21 19:35:44.083,14.071,3.627,sell,70507609
'2025-05-21 19:35:44.083,14.07,77.4,sell,70507611
'2025-05-21 19:35:44.083,14.069,0.15,sell,70507612
'2025-05-21 19:35:44.092,14.067,0.1582,sell,70507613
'2025-05-21 19:35:51.843,14.07,2.0661,buy,70507614
'2025-05-21 19:35:51.843,14.071,27.9096,buy,70507617
'2025-05-21 19:35:51.843,14.072,57.9895,buy,70507620
'2025-05-21 19:35:51.843,14.073,118.1139,buy,70507622
'2025-05-21 19:35:51.843,14.074,57.5365,buy,70507625
'2025-05-21 19:35:51.843,14.075,114.1571,buy,70507628
'2025-05-21 19:35:51.843,14.076,123.2138,buy,70507630
'2025-05-21 19:35:51.846,14.077,164.1634,buy,70507633
'2025-05-21 19:35:52.309,14.071,3.4868,sell,70507635
'2025-05-21 19:35:59.846,14.067,0.5589,sell,70507636
'2025-05-21 19:36:07.083,14.081,0.1582,buy,70507637
'2025-05-21 19:36:07.322,14.085,35.5012,buy,70507638
'2025-05-21 19:36:07.547,14.087,16.1575,sell,70507640
'2025-05-21 19:36:07.547,14.085,47.2395,sell,70507643
'2025-05-21 19:36:07.547,14.084,78.7696,sell,70507646
'2025-05-21 19:36:11.243,14.092,0.8646,buy,70507648
'2025-05-21 19:36:13.309,14.093,4.7773,sell,70507649
'2025-05-21 19:36:17.342,14.093,0.5474,sell,70507650
'2025-05-21 19:36:17.604,14.094,0.9814,buy,70507653
'2025-05-21 19:36:17.605,14.094,0.9814,buy,70507654
'2025-05-21 19:36:17.612,14.094,0.0401,buy,70507655
'2025-05-21 19:36:18.452,14.095,0.8911,buy,70507658
'2025-05-21 19:36:18.452,14.096,21.5425,buy,70507660
'2025-05-21 19:36:18.461,14.097,0.7624,buy,70507662
'2025-05-21 19:36:19.758,14.095,23.9492,sell,70507663
'2025-05-21 19:36:19.758,14.094,64,sell,70507665
'2025-05-21 19:36:19.758,14.093,18.9702,sell,70507668
'2025-05-21 19:36:19.758,14.092,154.3143,sell,70507674
'2025-05-21 19:36:19.758,14.091,117.0431,sell,70507678
'2025-05-21 19:36:19.758,14.09,157.8498,sell,70507683
'2025-05-21 19:36:19.758,14.089,177.5298,sell,70507689
'2025-05-21 19:36:19.758,14.088,274.2105,sell,70507697
'2025-05-21 19:36:19.758,14.087,274.6081,sell,70507704
'2025-05-21 19:36:19.758,14.086,293.0389,sell,70507709
'2025-05-21 19:36:19.758,14.085,379.5858,sell,70507720
'2025-05-21 19:36:19.758,14.084,322.0902,sell,70507729
'2025-05-21 19:36:19.758,14.083,200.5192,sell,70507733
'2025-05-21 19:36:19.758,14.082,216.5295,sell,70507739
'2025-05-21 19:36:19.758,14.081,327.0586,sell,70507744
'2025-05-21 19:36:22.028,14.09,0.59,sell,70507745
'2025-05-21 19:36:23.350,14.092,0.6022,sell,70507746
'2025-05-21 19:36:23.732,14.085,22.3,sell,70507747
'2025-05-21 19:36:24.222,14.081,0.1582,sell,70507748
'2025-05-21 19:36:27.133,14.076,19.5687,buy,70507749
'2025-05-21 19:36:27.585,14.078,21.8072,buy,70507751
'2025-05-21 19:36:27.585,14.079,7.1002,buy,70507752
'2025-05-21 19:36:27.669,14.08,18.1802,buy,70507753
'2025-05-21 19:36:27.669,14.081,0.15,buy,70507754
'2025-05-21 19:36:27.669,14.082,22.3647,buy,70507755
'2025-05-21 19:36:27.907,14.081,1.8057,buy,70507756
'2025-05-21 19:36:27.907,14.082,35.5138,buy,70507757
'2025-05-21 19:36:27.915,14.083,12.0795,buy,70507758
'2025-05-21 19:36:32.173,14.084,7.5908,buy,70507759
'2025-05-21 19:36:36.606,14.082,35.51,sell,70507760
'2025-05-21 19:36:36.611,14.082,7.5897,sell,70507761
'2025-05-21 19:36:37.411,14.082,456.9003,sell,70507762
'2025-05-21 19:36:38.779,14.082,2.6472,buy,70507763
'2025-05-21 19:36:39.304,14.081,11.7493,sell,70507764
'2025-05-21 19:36:42.009,14.087,4.5325,sell,70507765
'2025-05-21 19:36:43.423,14.086,18.1802,buy,70507766
'2025-05-21 19:36:43.423,14.087,18.1802,buy,70507767
'2025-05-21 19:36:43.423,14.088,38.85,buy,70507769
'2025-05-21 19:36:46.650,14.089,1,sell,70507770
'2025-05-21 19:36:48.183,14.094,37.6341,buy,70507772
'2025-05-21 19:36:48.183,14.094,39.9241,buy,70507774
'2025-05-21 19:36:48.184,14.096,11.8414,buy,70507775
'2025-05-21 19:36:48.184,14.096,196.1592,buy,70507779
'2025-05-21 19:36:48.202,14.097,0.107,sell,70507780
'2025-05-21 19:36:48.275,14.095,3.52,sell,70507781
'2025-05-21 19:36:49.164,14.089,0.597,sell,70507782
'2025-05-21 19:36:55.062,14.094,3.627,buy,70507783
'2025-05-21 19:36:55.062,14.095,8.4803,buy,70507784
'2025-05-21 19:36:55.062,14.096,1.07,buy,70507785
'2025-05-21 19:36:55.244,14.098,39.0374,buy,70507788
'2025-05-21 19:36:55.396,14.098,52.801,sell,70507793
'2025-05-21 19:36:56.136,14.099,40.8896,buy,70507796
'2025-05-21 19:36:57.165,14.099,38.7,buy,70507797
'2025-05-21 19:36:57.165,14.1,112.2673,buy,70507827
'2025-05-21 19:36:57.165,14.101,26.456,buy,70507833
'2025-05-21 19:36:57.165,14.102,157.0998,buy,70507839
'2025-05-21 19:36:57.835,14.099,38.7,buy,70507840
'2025-05-21 19:36:57.839,14.1,0.15,buy,70507841
'2025-05-21 19:36:57.839,14.101,41.2204,buy,70507843
'2025-05-21 19:37:00.272,14.102,13.1958,buy,70507845
'2025-05-21 19:37:00.272,14.103,0.1501,buy,70507846
'2025-05-21 19:37:00.412,14.103,0.1,sell,70507847
'2025-05-21 19:37:04.951,14.092,1.7,sell,70507848
'2025-05-21 19:37:04.960,14.092,37,sell,70507849
'2025-05-21 19:37:07.382,14.1,12.3216,buy,70507850
'2025-05-21 19:37:07.386,14.102,4.054,buy,70507851
'2025-05-21 19:37:07.386,14.103,88.5503,buy,70507853
'2025-05-21 19:37:07.387,14.101,3.627,buy,70507854
'2025-05-21 19:37:07.387,14.104,76.2563,buy,70507860
'2025-05-21 19:37:07.387,14.104,53.5886,buy,70507862
'2025-05-21 19:37:07.387,14.104,19.1417,buy,70507863
'2025-05-21 19:37:07.390,14.105,155.1384,buy,70507869
'2025-05-21 19:37:07.394,14.106,27.2434,buy,70507874
'2025-05-21 19:37:07.395,14.107,114.9283,buy,70507879
'2025-05-21 19:37:07.399,14.108,164.769,buy,70507885
'2025-05-21 19:37:07.461,14.109,20.2428,buy,70507888
'2025-05-21 19:37:07.490,14.109,0.1029,sell,70507889
'2025-05-21 19:37:09.133,14.104,23.6893,sell,70507890
'2025-05-21 19:37:09.209,14.101,3.627,sell,70507891
'2025-05-21 19:37:09.209,14.1,1.3088,sell,70507892
'2025-05-21 19:37:09.722,14.104,62.908,buy,70507893
'2025-05-21 19:37:09.957,14.103,0.15,sell,70507894
'2025-05-21 19:37:09.957,14.102,0.15,sell,70507895
'2025-05-21 19:37:09.957,14.101,1.15,sell,70507897
'2025-05-21 19:37:11.567,14.107,28.1576,buy,70507899
'2025-05-21 19:37:12.357,14.103,27.0646,buy,70507901
'2025-05-21 19:37:12.357,14.105,17.9287,buy,70507903
'2025-05-21 19:37:12.357,14.106,136.0409,buy,70507907
'2025-05-21 19:37:12.357,14.107,139.8607,buy,70507910
'2025-05-21 19:37:12.357,14.108,179.9321,buy,70507915
'2025-05-21 19:37:12.362,14.108,381.9181,sell,70507916
'2025-05-21 19:37:12.362,14.108,130.8778,sell,70507917
'2025-05-21 19:37:12.363,14.108,304.1829,sell,70507918
'2025-05-21 19:37:12.364,14.108,256.5877,sell,70507919
'2025-05-21 19:37:13.571,14.109,10.1704,buy,70507920
'2025-05-21 19:37:15.374,14.11,18.9278,buy,70507923
'2025-05-21 19:37:15.387,14.111,0.6629,buy,70507925
'2025-05-21 19:37:15.395,14.112,1.1199,buy,70507930
'2025-05-21 19:37:15.395,14.113,235.3806,buy,70507932
'2025-05-21 19:37:15.434,14.114,4.7615,buy,70507935
'2025-05-21 19:37:16.406,14.115,78.5942,buy,70507941
'2025-05-21 19:37:16.493,14.117,2.2441,buy,70507945
'2025-05-21 19:37:16.496,14.118,0.2056,buy,70507946
'2025-05-21 19:37:16.498,14.119,0.5357,buy,70507949
'2025-05-21 19:37:16.503,14.119,0.2348,sell,70507950
'2025-05-21 19:37:16.770,14.12,3.5218,buy,70507953
'2025-05-21 19:37:16.773,14.12,13.405,buy,70507957
'2025-05-21 19:37:16.773,14.12,11.8901,buy,70507960
'2025-05-21 19:37:16.899,14.121,3.8772,buy,70507964
'2025-05-21 19:37:16.899,14.122,2.4397,buy,70507966
'2025-05-21 19:37:16.899,14.123,14.4249,buy,70507968
'2025-05-21 19:37:16.899,14.124,93.2407,buy,70507971
'2025-05-21 19:37:16.963,14.124,0.21,sell,70507972
'2025-05-21 19:37:17.272,14.124,0.7636,sell,70507973
'2025-05-21 19:37:17.278,14.125,16.3251,buy,70507978
'2025-05-21 19:37:17.337,14.126,0.3842,buy,70507980
'2025-05-21 19:37:17.345,14.126,1.7505,sell,70507981
'2025-05-21 19:37:17.352,14.126,38.3471,sell,70507985
'2025-05-21 19:37:17.478,14.127,1.3589,buy,70507986
'2025-05-21 19:37:17.537,14.128,1.1614,buy,70507987
'2025-05-21 19:37:17.537,14.129,0.6114,buy,70507990
'2025-05-21 19:37:17.635,14.13,72.1628,buy,70507993
'2025-05-21 19:37:17.850,14.13,0.1022,sell,70507994
'2025-05-21 19:37:17.962,14.13,1.42,sell,70507995
'2025-05-21 19:37:18.010,14.13,0.1083,sell,70507996
'2025-05-21 19:37:18.223,14.13,34.8401,sell,70507999
'2025-05-21 19:37:18.456,14.129,0.7624,sell,70508000
'2025-05-21 19:37:18.456,14.129,1.8242,sell,70508001
'2025-05-21 19:37:18.506,14.128,91.027,buy,70508005
'2025-05-21 19:37:19.963,14.127,0.13,sell,70508006
'2025-05-21 19:37:23.090,14.13,7.201,sell,70508007
'2025-05-21 19:37:24.100,14.131,0.2415,sell,70508008
'2025-05-21 19:37:24.212,14.132,0.1464,buy,70508009
'2025-05-21 19:37:24.968,14.132,0.46,sell,70508010
'2025-05-21 19:37:25.316,14.127,0.5302,sell,70508011
'2025-05-21 19:37:26.641,14.128,27.85,sell,70508012
'2025-05-21 19:37:26.792,14.126,0.5379,sell,70508014
'2025-05-21 19:37:26.811,14.13,0.7295,buy,70508015
'2025-05-21 19:37:27.037,14.13,0.15,sell,70508016
'2025-05-21 19:37:27.037,14.129,70.7491,sell,70508018
'2025-05-21 19:37:28.372,14.132,70.599,sell,70508019
'2025-05-21 19:37:28.382,14.132,70.599,sell,70508020
'2025-05-21 19:37:30.244,14.129,5.0641,buy,70508021
'2025-05-21 19:37:30.952,14.127,0.15,sell,70508022
'2025-05-21 19:37:33.794,14.13,7.1338,sell,70508023
'2025-05-21 19:37:35.598,14.129,2.8521,sell,70508024
'2025-05-21 19:37:35.598,14.128,0.7174,sell,70508025
'2025-05-21 19:37:37.406,14.132,33.0201,buy,70508026
'2025-05-21 19:37:38.908,14.132,3.1232,sell,70508027
'2025-05-21 19:37:40.192,14.133,54.8703,buy,70508041
'2025-05-21 19:37:40.676,14.133,38.7,buy,70508042
'2025-05-21 19:37:42.276,14.131,70.599,sell,70508043
'2025-05-21 19:37:42.674,14.129,410.8014,sell,70508044
'2025-05-21 19:37:42.679,14.128,112.3314,sell,70508046
'2025-05-21 19:37:43.979,14.129,0.45,sell,70508047
'2025-05-21 19:37:44.754,14.135,1.3771,buy,70508051
'2025-05-21 19:37:44.754,14.136,2.8434,buy,70508055
'2025-05-21 19:37:44.859,14.136,23.2951,buy,70508058
'2025-05-21 19:37:44.865,14.137,6.7869,buy,70508060
'2025-05-21 19:37:44.872,14.138,1.9991,buy,70508063
'2025-05-21 19:37:44.966,14.139,1.6156,buy,70508065
'2025-05-21 19:37:45.982,14.139,0.17,sell,70508066
'2025-05-21 19:37:46.164,14.14,25.1161,buy,70508068
'2025-05-21 19:37:46.174,14.141,0.2068,buy,70508070
'2025-05-21 19:37:46.861,14.142,0.7705,buy,70508072
'2025-05-21 19:37:48.097,14.141,70.599,sell,70508073
'2025-05-21 19:37:48.571,14.139,35.5095,sell,70508075
'2025-05-21 19:37:48.571,14.138,68.3693,sell,70508076
'2025-05-21 19:37:49.136,14.14,2.2943,buy,70508077
'2025-05-21 19:37:49.138,14.141,38.7,buy,70508078
'2025-05-21 19:37:49.139,14.142,73.7125,buy,70508081
'2025-05-21 19:37:49.142,14.143,88.0964,buy,70508084
'2025-05-21 19:37:49.142,14.143,30.7888,buy,70508087
'2025-05-21 19:37:49.143,14.144,58.908,buy,70508092
'2025-05-21 19:37:49.145,14.145,97.2213,buy,70508097
'2025-05-21 19:37:49.145,14.146,2.7787,buy,70508100
'2025-05-21 19:37:49.148,14.146,87.0854,buy,70508104
'2025-05-21 19:37:49.151,14.147,129.852,buy,70508109
'2025-05-21 19:37:49.152,14.147,2.7441,buy,70508110
'2025-05-21 19:37:49.983,14.142,0.64,sell,70508111
'2025-05-21 19:37:52.155,14.144,70.599,sell,70508112
'2025-05-21 19:37:53.988,14.143,0.35,sell,70508113
'2025-05-21 19:37:55.064,14.142,103.2928,sell,70508114
'2025-05-21 19:37:57.708,14.141,4.9063,sell,70508115
'2025-05-21 19:38:01.240,14.142,31.9091,sell,70508118
'2025-05-21 19:38:02.599,14.147,16.1575,sell,70508120
'2025-05-21 19:38:03.882,14.141,70.599,sell,70508121
'2025-05-21 19:38:05.269,14.139,10.2644,sell,70508122
'2025-05-21 19:38:06.186,14.136,17.68,sell,70508123
'2025-05-21 19:38:06.201,14.136,31.62,sell,70508124
'2025-05-21 19:38:06.413,14.135,0.7009,sell,70508125
'2025-05-21 19:38:07.082,14.134,17.4074,buy,70508127
'2025-05-21 19:38:07.082,14.135,10.15,buy,70508129
'2025-05-21 19:38:07.082,14.136,54.3432,buy,70508132
'2025-05-21 19:38:07.082,14.137,87.8377,buy,70508136
'2025-05-21 19:38:07.082,14.138,177.3674,buy,70508140
'2025-05-21 19:38:07.082,14.139,145.7378,buy,70508144
'2025-05-21 19:38:07.082,14.14,177.4009,buy,70508148
'2025-05-21 19:38:07.082,14.141,63.3585,buy,70508151
'2025-05-21 19:38:07.615,14.136,48.7,buy,70508153
'2025-05-21 19:38:07.615,14.137,0.15,buy,70508154
'2025-05-21 19:38:07.615,14.138,68.3573,buy,70508158
'2025-05-21 19:38:07.615,14.139,95.0555,buy,70508163
'2025-05-21 19:38:07.615,14.14,216.7801,buy,70508169
'2025-05-21 19:38:07.615,14.141,75.9719,buy,70508173
'2025-05-21 19:38:07.615,14.142,353.7264,buy,70508182
'2025-05-21 19:38:07.622,14.142,130.2787,sell,70508183
'2025-05-21 19:38:07.622,14.142,255.6347,sell,70508184
'2025-05-21 19:38:07.622,14.142,264.8484,sell,70508185
'2025-05-21 19:38:07.622,14.142,138.9393,sell,70508186
'2025-05-21 19:38:08.813,14.142,17.67,buy,70508187
'2025-05-21 19:38:08.815,14.144,116.6411,buy,70508190
'2025-05-21 19:38:08.816,14.145,96.737,buy,70508192
'2025-05-21 19:38:08.823,14.146,157.5772,buy,70508197
'2025-05-21 19:38:08.824,14.146,2.8088,buy,70508198
'2025-05-21 19:38:09.694,14.147,13.9262,buy,70508200
'2025-05-21 19:38:09.704,14.148,0.4223,buy,70508202
'2025-05-21 19:38:10.564,14.149,2.8012,buy,70508207
'2025-05-21 19:38:10.564,14.15,101.2617,buy,70508219
'2025-05-21 19:38:10.997,14.15,5.16,sell,70508220
'2025-05-21 19:38:11.005,14.15,34.5678,sell,70508224
'2025-05-21 19:38:13.465,14.151,1.5078,buy,70508226
'2025-05-21 19:38:13.563,14.151,13.139,buy,70508231
'2025-05-21 19:38:15.499,14.152,1.8492,buy,70508234
'2025-05-21 19:38:16.999,14.152,1,sell,70508235
'2025-05-21 19:38:17.579,14.152,0.6771,sell,70508236
'2025-05-21 19:38:18.712,14.152,1.6479,sell,70508237
'2025-05-21 19:38:23.119,14.152,9.8428,sell,70508238
'2025-05-21 19:38:24.073,14.151,20.7462,sell,70508239
'2025-05-21 19:38:24.803,14.153,2.8095,buy,70508243
'2025-05-21 19:38:24.803,14.154,7.9173,buy,70508245
'2025-05-21 19:38:24.803,14.155,168.0242,buy,70508246
'2025-05-21 19:38:24.803,14.155,45.3481,buy,70508251
'2025-05-21 19:38:27.008,14.154,0.63,sell,70508252
'2025-05-21 19:38:27.082,14.156,5.6374,buy,70508255
'2025-05-21 19:38:27.082,14.157,31.6298,buy,70508259
'2025-05-21 19:38:27.085,14.158,77.0543,buy,70508262
'2025-05-21 19:38:27.085,14.159,110.5118,buy,70508266
'2025-05-21 19:38:27.108,14.16,22.8143,buy,70508280
'2025-05-21 19:38:27.208,14.159,4.9393,sell,70508281
'2025-05-21 19:38:27.491,14.16,6.9956,buy,70508284
'2025-05-21 19:38:27.491,14.161,9.1277,buy,70508285
'2025-05-21 19:38:27.491,14.162,1.45,buy,70508286
'2025-05-21 19:38:28.577,14.16,1.4907,sell,70508287
'2025-05-21 19:38:28.577,14.16,12.6415,sell,70508288
'2025-05-21 19:38:28.651,14.157,0.8428,sell,70508289
'2025-05-21 19:38:29.004,14.156,1.11,sell,70508290
'2025-05-21 19:38:31.226,14.159,6.2448,buy,70508291
'2025-05-21 19:38:38.730,14.157,1.0634,sell,70508292
'2025-05-21 19:38:39.673,14.157,38.85,sell,70508294
'2025-05-21 19:38:39.937,14.158,7.0617,buy,70508295
'2025-05-21 19:38:39.937,14.159,80.7123,buy,70508297
'2025-05-21 19:38:41.213,14.161,0.1223,sell,70508298
'2025-05-21 19:38:44.569,14.159,2.7938,sell,70508299
'2025-05-21 19:38:45.067,14.162,34.6033,buy,70508300
'2025-05-21 19:38:47.217,14.162,35.5349,buy,70508301
'2025-05-21 19:38:47.217,14.162,23.0833,buy,70508305
'2025-05-21 19:38:47.220,14.163,0.6468,buy,70508306
'2025-05-21 19:38:47.220,14.164,20.1355,buy,70508309
'2025-05-21 19:38:47.220,14.165,58.386,buy,70508311
'2025-05-21 19:38:47.220,14.166,61.472,buy,70508320
'2025-05-21 19:38:47.235,14.166,0.1016,sell,70508321
'2025-05-21 19:38:49.023,14.163,0.15,sell,70508322
'2025-05-21 19:38:49.155,14.163,0.1084,buy,70508323
'2025-05-21 19:38:49.155,14.163,0.1084,buy,70508324
'2025-05-21 19:38:49.155,14.163,0.1084,buy,70508325
'2025-05-21 19:38:49.155,14.163,0.1084,buy,70508326
'2025-05-21 19:38:49.155,14.163,0.1084,buy,70508327
'2025-05-21 19:38:49.155,14.163,0.1084,buy,70508328
'2025-05-21 19:38:49.155,14.163,0.1084,buy,70508329
'2025-05-21 19:38:49.155,14.163,0.1084,buy,70508330
'2025-05-21 19:38:49.155,14.163,0.1084,buy,70508331
'2025-05-21 19:38:49.155,14.163,0.1084,buy,70508332
'2025-05-21 19:38:49.155,14.163,0.1084,buy,70508333
'2025-05-21 19:38:49.155,14.163,0.1084,buy,70508334
'2025-05-21 19:38:49.155,14.163,0.1084,buy,70508335
'2025-05-21 19:38:49.155,14.163,0.1084,buy,70508336
'2025-05-21 19:38:49.155,14.163,0.1084,buy,70508337
'2025-05-21 19:38:49.155,14.163,0.1084,buy,70508338
'2025-05-21 19:38:49.155,14.163,0.1084,buy,70508339
'2025-05-21 19:38:49.155,14.163,0.1084,buy,70508340
'2025-05-21 19:38:49.155,14.163,0.1084,buy,70508341
'2025-05-21 19:38:49.155,14.163,0.1084,buy,70508342
'2025-05-21 19:38:49.340,14.161,1.5154,sell,70508343
'2025-05-21 19:38:49.814,14.164,22.8137,sell,70508344
'2025-05-24 12:17:22.593,12.873,0.1369,sell,71640207
'2025-05-24 12:17:23.177,12.873,1.7519,buy,71640208
'2025-05-24 12:17:26.226,12.876,46.612,buy,71640209
'2025-05-24 12:17:28.267,12.874,59.3,sell,71640212
'2025-05-24 12:17:28.267,12.873,53.4478,sell,71640215
'2025-05-24 12:17:28.267,12.872,198.9527,sell,71640224
'2025-05-24 12:17:28.267,12.871,196.4548,sell,71640229
'2025-05-24 12:17:32.110,12.876,46.5976,buy,71640230
'2025-05-24 12:17:33.247,12.877,5.9026,buy,71640231
'2025-05-24 12:17:33.269,12.877,4.0974,buy,71640232
'2025-05-24 12:17:33.378,12.879,0.1,buy,71640233
'2025-05-24 12:17:38.175,12.881,15.1042,buy,71640234
'2025-05-24 12:17:42.630,12.88,17.7385,buy,71640236
'2025-05-24 12:17:44.514,12.878,3.2859,buy,71640237
'2025-05-24 12:17:44.851,12.876,2.3286,sell,71640238
'2025-05-24 12:17:44.851,12.875,50.4713,sell,71640241
'2025-05-24 12:17:44.851,12.874,209.7272,sell,71640246
'2025-05-24 12:17:44.851,12.873,207.3662,sell,71640253
'2025-05-24 12:17:44.851,12.872,300.5468,sell,71640260
'2025-05-24 12:17:44.851,12.871,46.992,sell,71640263
'2025-05-24 12:17:45.147,12.875,8.6701,buy,71640264
'2025-05-24 12:17:46.272,12.874,0.15,sell,71640265
'2025-05-24 12:17:47.386,12.875,0.15,buy,71640266
'2025-05-24 12:17:49.806,12.876,0.15,sell,71640267
'2025-05-24 12:17:49.806,12.875,10.5919,sell,71640269
'2025-05-24 12:17:50.318,12.876,0.1009,buy,71640270
'2025-05-24 12:17:55.855,12.879,17.8796,sell,71640271
'2025-05-24 12:17:55.855,12.878,52.1276,sell,71640274
'2025-05-24 12:17:55.855,12.877,82.4414,sell,71640278
'2025-05-24 12:17:57.017,12.88,3.3359,buy,71640279
'2025-05-24 12:17:59.343,12.878,37.1916,buy,71640280
'2025-05-24 12:18:02.548,12.879,9.0931,buy,71640282
'2025-05-24 12:18:02.983,12.879,22.8976,buy,71640283
'2025-05-24 12:18:06.197,12.881,46.57,buy,71640284
'2025-05-24 12:18:06.197,12.882,46.9283,buy,71640287
'2025-05-24 12:18:06.198,12.883,28.1573,buy,71640289
'2025-05-24 12:18:06.198,12.884,104.4158,buy,71640294
'2025-05-24 12:18:06.243,12.884,17.4857,sell,71640295
'2025-05-24 12:18:07.541,12.882,12.8206,sell,71640296
'2025-05-24 12:18:10.967,12.886,0.15,buy,71640297
'2025-05-24 12:18:17.832,12.885,0.1501,buy,71640298
'2025-05-24 12:18:17.847,12.886,0.15,buy,71640299
'2025-05-24 12:18:17.934,12.888,36.9429,buy,71640301
'2025-05-24 12:18:20.748,12.888,6.9318,buy,71640302
'2025-05-24 12:18:23.659,12.891,0.1369,buy,71640303
'2025-05-24 12:18:25.008,12.893,0.1947,buy,71640304
'2025-05-24 12:18:29.344,12.893,78.8896,buy,71640307
'2025-05-24 12:18:32.723,12.892,7.4159,sell,71640308
'2025-05-24 12:18:34.647,12.893,6.4385,buy,71640309
'2025-05-24 12:18:37.688,12.888,0.15,sell,71640310
'2025-05-24 12:18:44.984,12.889,0.15,buy,71640311
'2025-05-24 12:18:47.547,12.889,7.1249,buy,71640312
'2025-05-24 12:18:51.697,12.885,36.661,sell,71640313
'2025-05-24 12:18:55.183,12.883,39.4126,sell,71640314
'2025-05-24 12:18:55.185,12.882,39.7442,sell,71640317
'2025-05-24 12:18:55.188,12.881,71.6523,sell,71640318
'2025-05-24 12:18:55.189,12.88,84.3781,sell,71640320
'2025-05-24 12:18:55.190,12.88,1.3346,sell,71640321
'2025-05-24 12:18:55.200,12.879,20,sell,71640322
'2025-05-24 12:18:55.220,12.878,12.2175,buy,71640323
'2025-05-24 12:18:55.503,12.876,22.9885,sell,71640324
'2025-05-24 12:18:55.820,12.874,17.8796,sell,71640325
'2025-05-24 12:18:56.325,12.873,0.1369,sell,71640326
'2025-05-24 12:18:56.325,12.872,0.1947,sell,71640327
'2025-05-24 12:18:56.325,12.871,26.1002,sell,71640329
'2025-05-24 12:18:56.325,12.87,48.3438,sell,71640332
'2025-05-24 12:18:57.507,12.872,0.1501,buy,71640333
'2025-05-24 12:18:57.507,12.873,76.3952,buy,71640336
'2025-05-24 12:18:57.512,12.873,2.2532,buy,71640337
'2025-05-24 12:18:57.657,12.874,0.1501,buy,71640338
'2025-05-24 12:18:57.657,12.875,73.4496,buy,71640342
'2025-05-24 12:19:01.847,12.877,0.1501,buy,71640343
'2025-05-24 12:19:01.847,12.878,8.756,buy,71640345
'2025-05-24 12:19:02.234,12.879,0.15,buy,71640346
'2025-05-24 12:19:06.417,12.88,0.15,buy,71640347
'2025-05-24 12:19:06.839,12.879,27.8355,sell,71640348
'2025-05-24 12:19:07.032,12.875,38.6753,sell,71640349
'2025-05-24 12:19:07.831,12.877,5,sell,71640351
'2025-05-24 12:19:08.900,12.878,7.0813,buy,71640352
'2025-05-24 12:19:09.080,12.877,11.2757,sell,71640354
'2025-05-24 12:19:11.205,12.879,21.5568,buy,71640356
'2025-05-24 12:19:12.084,12.878,1.553,buy,71640357
'2025-05-24 12:19:17.739,12.882,0.3316,buy,71640359
'2025-05-24 12:19:19.747,12.884,5.2915,buy,71640361
'2025-05-24 12:19:23.086,12.885,20,buy,71640362
'2025-05-24 12:19:23.086,12.885,20,buy,71640363
'2025-05-24 12:19:23.097,12.885,102.7197,buy,71640365
'2025-05-24 12:19:23.098,12.885,36.4952,buy,71640366
'2025-05-24 12:19:23.152,12.886,46.5715,buy,71640367
'2025-05-24 12:19:23.198,12.887,0.1547,buy,71640368
'2025-05-24 12:19:23.198,12.889,52.146,buy,71640371
'2025-05-24 12:19:23.198,12.89,114.9037,buy,71640374
'2025-05-24 12:19:24.773,12.89,66.6708,buy,71640376
'2025-05-24 12:19:24.775,12.891,58.4737,buy,71640380
'2025-05-24 12:19:24.785,12.891,38.7897,buy,71640381
'2025-05-24 12:19:25.274,12.892,10.7527,buy,71640382
'2025-05-24 12:19:26.478,12.887,0.1282,sell,71640383
'2025-05-24 12:19:30.347,12.891,7.3476,buy,71640385
'2025-05-24 12:19:31.980,12.889,24.2562,sell,71640386
'2025-05-24 12:19:38.643,12.889,57.1916,buy,71640388
'2025-05-24 12:19:38.643,12.89,155.0963,buy,71640394
'2025-05-24 12:19:38.643,12.891,193.768,buy,71640401
'2025-05-24 12:19:40.875,12.891,0.15,buy,71640402
'2025-05-24 12:19:43.580,12.892,0.15,buy,71640403
'2025-05-24 12:19:44.733,12.893,20,buy,71640404
'2025-05-24 12:19:44.733,12.893,49.8448,buy,71640405
'2025-05-24 12:19:44.736,12.893,20,buy,71640406
'2025-05-24 12:19:44.740,12.893,82.4187,buy,71640408
'2025-05-24 12:19:45.047,12.896,9.4142,buy,71640409
'2025-05-24 12:19:46.022,12.894,5,sell,71640410
'2025-05-24 12:19:49.622,12.892,0.15,buy,71640411
'2025-05-24 12:19:56.176,12.892,2.7157,buy,71640412
'2025-05-24 12:20:03.947,12.891,5.0316,buy,71640413
'2025-05-24 12:20:06.037,12.889,0.6881,sell,71640415
'2025-05-24 12:20:06.039,12.888,41.1504,sell,71640417
'2025-05-24 12:20:06.086,12.887,0.15,sell,71640418
'2025-05-24 12:20:12.299,12.89,0.15,buy,71640419
'2025-05-24 12:20:12.299,12.891,88.2649,buy,71640423
'2025-05-24 12:20:12.724,12.891,140.4887,sell,71640429
'2025-05-24 12:20:12.724,12.89,91.9652,sell,71640433
'2025-05-24 12:20:12.724,12.889,167.6581,sell,71640438
'2025-05-24 12:20:14.047,12.892,5.6854,buy,71640439
'2025-05-24 12:20:20.919,12.892,4.3101,buy,71640440
'2025-05-24 12:20:25.447,12.896,8.2183,buy,71640441
'2025-05-24 12:20:26.080,12.897,44.5046,buy,71640442
'2025-05-24 12:20:26.320,12.897,40.833,buy,71640443
'2025-05-24 12:20:26.949,12.899,7.9611,buy,71640444
'2025-05-24 12:20:26.957,12.9,0.4369,buy,71640447
'2025-05-24 12:20:36.110,12.896,2.3286,buy,71640448
'2025-05-24 12:20:36.110,12.897,20,buy,71640449
'2025-05-24 12:20:36.110,12.898,87.8041,buy,71640454
'2025-05-24 12:20:36.110,12.899,41.9097,buy,71640456
'2025-05-24 12:20:41.947,12.896,5.1828,buy,71640457
'2025-05-24 12:20:45.943,12.9,193.6543,sell,71640458
'2025-05-24 12:20:48.317,12.899,84.3057,sell,71640459
'2025-05-24 12:20:52.346,12.9,8.8016,buy,71640460
'2025-05-24 12:20:54.579,12.899,13.0289,sell,71640461
'2025-05-24 12:20:59.259,12.899,1.5046,sell,71640462
'2025-05-24 12:21:00.166,12.899,212.3624,sell,71640465
'2025-05-24 12:21:00.261,12.897,39.5202,buy,71640467
'2025-05-24 12:21:00.567,12.896,0.15,sell,71640468
'2025-05-24 12:21:01.926,12.895,17.5212,buy,71640469
'2025-05-24 12:21:01.943,12.896,20,buy,71640470
'2025-05-24 12:21:02.644,12.898,12,buy,71640471
'2025-05-24 12:21:04.607,12.9,146.2371,buy,71640472
'2025-05-24 12:21:04.928,12.902,36.4952,sell,71640473
'2025-05-24 12:21:04.937,12.902,127.6577,sell,71640474
'2025-05-24 12:21:04.938,12.902,79.2354,sell,71640475
'2025-05-24 12:21:05.487,12.897,0.15,sell,71640476
'2025-05-24 12:21:10.047,12.899,9.3978,buy,71640477
'2025-05-24 12:21:11.908,12.899,1.1321,buy,71640478
'2025-05-24 12:21:16.830,12.898,130.0711,sell,71640479
'2025-05-24 12:21:16.832,12.898,88.996,sell,71640480
'2025-05-24 12:21:16.835,12.895,33.9994,sell,71640482
'2025-05-24 12:21:21.383,12.893,45.5605,buy,71640483
'2025-05-24 12:21:21.431,12.893,23.8687,buy,71640484
'2025-05-24 12:21:23.574,12.896,0.5377,sell,71640486
'2025-05-24 12:21:27.429,12.901,80.3048,buy,71640488
'2025-05-24 12:21:27.897,12.903,0.1547,buy,71640489
'2025-05-24 12:21:28.645,12.904,7.7279,buy,71640491
'2025-05-24 12:21:28.847,12.904,8.9694,buy,71640492
'2025-05-24 12:21:29.007,12.903,197.3289,sell,71640493
'2025-05-24 12:21:35.387,12.903,22.6134,buy,71640495
'2025-05-24 12:21:35.472,12.906,50.9329,buy,71640498
'2025-05-24 12:21:40.439,12.905,4.0987,sell,71640500
'2025-05-24 12:21:42.217,12.907,5.8312,sell,71640501
'2025-05-24 12:21:45.568,12.909,0.1369,buy,71640502
'2025-05-24 12:21:45.997,12.911,0.8958,buy,71640503
'2025-05-24 12:21:46.009,12.911,110.362,sell,71640509
'2025-05-24 12:21:46.009,12.91,31.1504,sell,71640511
'2025-05-24 12:21:46.818,12.914,0.1947,buy,71640512
'2025-05-24 12:21:46.846,12.916,5.6252,buy,71640513
'2025-05-24 12:21:47.852,12.917,2.8295,sell,71640514
'2025-05-24 12:21:54.456,12.917,0.1414,sell,71640515
'2025-05-24 12:21:57.212,12.914,39.5202,buy,71640517
'2025-05-24 12:21:58.147,12.917,5.1623,buy,71640518
'2025-05-24 12:21:59.382,12.916,5,buy,71640519
'2025-05-24 12:22:03.075,12.918,0.1369,buy,71640520
'2025-05-24 12:22:03.333,12.919,0.1547,buy,71640521
'2025-05-24 12:22:04.353,12.92,2.2922,buy,71640524
'2025-05-24 12:22:08.546,12.923,5.6292,buy,71640525
'2025-05-24 12:22:08.729,12.922,0.15,sell,71640526
'2025-05-24 12:22:08.755,12.921,4.2273,sell,71640528
